2927 3449
1429 116 1470 172 4

234 300 236 303 ’
255 308 509 364 Μαρσύαν
531 307 785 367 ἀδελφούς
806 306 894 354 τὸν
915 307 1005 364 μὲν
1022 307 1187 352 κτίσαι
1205 305 1616 366 Κιβύρανχπόλιν,
1645 307 1736 352 τὸν
1754 305 1804 354 δὲ
1826 307 1987 364 Τάβας
2005 325 2166 369 e.q.s.,
2195 308 2341 369 paullo
2361 316 2511 355 autem
2529 319 2648 370 post:
2695 361 2707 367 ,

257 380 281 423 ὁ
304 378 507 433 πολίτης
535 377 777 435 Ταβηνός.
849 379 978 424 Vnde
1008 380 1259 439 planissime
1287 385 1472 437 apparet
1490 378 1637 423 deleto
1664 369 1784 439 apu‘d
1808 379 1991 424 Suidam
2011 379 2144 423 tertio
2168 375 2438 431 ἱστορικός,
2477 378 2597 438 quod
2622 396 2650 426 e

256 450 484 507 superiore
504 464 637 493 versu
657 449 743 493 huc
760 449 941 503 invasit,
975 455 1054 492 aut
1077 449 1173 493 loco
1200 447 1402 507 pellenda
1433 463 1529 492 esse
1561 444 1807 501 Μαρσύας
1829 444 2044 500 Μάρσου
2069 445 2318 502 Ταβηνός,
2352 447 2444 492 sive
2471 462 2526 492 ea
2551 455 2651 506 post

257 518 523 575 scriptorum
544 517 733 562 indicem
754 516 1054 575 Philippensis
1070 517 1277 576 Marsyae
1296 518 1351 561 ab
1370 517 1464 575 ipso
1481 516 1618 561 Suida
1638 516 1778 575 posita
1795 516 1977 562 suerunt
1989 548 2002 570 ,
2036 516 2127 561 sive
2152 516 2274 561 illata
2297 522 2425 569 sunt,
2459 514 2504 560 id
2530 515 2652 574 quod

257 586 350 630 veri
379 601 474 630 esse
508 586 704 629 omnium
734 585 1007 629 simillimum
1036 592 1268 644 putamuS,
1303 600 1360 630 ex
1385 585 1576 643 ascripta
1604 585 1649 629 in
1674 586 1877 644 margine
1903 585 2150 630 notatione:
2193 591 2272 629 aut
2300 583 2465 629 eisdem
2488 598 2569 628 suo
2604 584 2650 628 in

258 655 355 698 loco
386 655 569 697 servatis
599 654 661 697 sic
689 669 785 698 esse
812 653 1093 698 scribendum
1122 654 1265 698 dicam
1292 668 1348 696 an
1377 652 1643 697 ludendum:
1703 649 1952 705 Μαρσύας
1976 649 2334 706 Κριτοφὴμου,
2372 648 2647 701 Φιλιππεύς,

261 718 511 772 ἱστορικὸς
532 720 556 763 ὁ
582 717 840 774 νεώτερος·
864 723 1030 773 ἕτερος
1048 718 1140 781 (δὲ)
1161 717 1405 773 Μαρσύας
1426 718 1655 774 Μάρσου,
1691 718 1939 775 Ταβηνός.
1959 721 2176 775 ἔγραψεν
2195 718 2652 776 ἀρχαιολογίαν--

261 791 344 831 καὶ
368 785 514 841 ἕτερά
539 803 651 830 τινα
670 792 889 843 περὶτῆς
910 789 1035 831 ἰδίας
1051 790 1308 842 πατρίδος,
1346 789 1429 833 hoc
1452 797 1520 834 est
1549 789 1605 834 de
1632 783 1764 834 r'ebus
1784 789 2092 834 Macedonicis.
2164 791 2280 834 Nam
2311 788 2557 836 Φίλιπποι,
2596 803 2653 833 ne

261 858 359 916 quis
378 864 500 902 erret
514 890 525 910 ,
561 854 701 899 πόλις
726 857 1042 900 Μακεδονίας
1062 865 1129 903 est
1147 857 1290 902 eidem
1311 857 1550 916 Stephano.
1619 858 1710 902 Sed
1740 874 1796 902 ex
1814 857 2041 903 Eudociae
2061 873 2165 902 sane
2182 856 2326 901 verbis
2352 855 2461 900 illud
2481 856 2653 915 assequi

263 941 392 970 nemo
413 925 541 979 facile
562 926 756 983 potuerit
770 958 783 979 ,
819 941 931 984 quae
953 925 1122 982 Pellaei
1142 926 1314 984 scriptis
1334 941 1435 970 cum
1454 926 1788 970 immemorabili
1806 925 2099 984 discrepantia
2124 924 2391 969 enumeratis
2417 924 2482 968 sic
2504 924 2654 983 pergit

262 1011 304 1053 p.
327 1000 451 1040 298:
489 995 580 1035 εἰσὶ
605 990 655 1035 δὲ
677 996 761 1035 καὶ
779 992 923 1037 ἄλλοι
944 991 1033 1036 δύο
1055 996 1322 1044 ἱστορικοὶ,
1362 992 1387 1036 ὁ
1415 991 1507 1048 μὲν
1534 991 1866 1051 Κριτοφήμου
1897 990 2159 1036 Φιλιππεύς
2187 992 2212 1036 ὁ
2242 990 2505 1045 νεώτερος,
2546 990 2572 1034 ὁ
2601 988 2652 1034 δὲ

264 1059 482 1115 Μάρσου
508 1059 755 1115 Ταβηνὸς,
797 1060 851 1104 ὂς
871 1065 956 1104 καὶ
976 1062 1338 1118 ἀρχαιολογίαν
1359 1063 1574 1118 ἔγραψεν
1603 1079 1642 1108 e.
1662 1080 1706 1122 q.
1723 1080 1758 1107 s.

406 1131 535 1174 Licet
564 1138 713 1174 autem
745 1147 861 1175 nunc
892 1132 1078 1175 ulterius
1105 1132 1317 1189 progredi
1348 1141 1392 1175 et
1417 1147 1532 1189 quae
1550 1138 1751 1190 tempora
1770 1131 1960 1185 fuerint,
1994 1129 2113 1189 quod
2133 1130 2409 1188 vitaegenus
2425 1128 2655 1187 utriusque

265 1199 520 1256 scriptoris,
555 1199 631 1256 qui
658 1200 871 1252 ambitus,
906 1215 1020 1257 quae
1045 1200 1269 1259 dispositio
1297 1207 1342 1242 et
1368 1199 1477 1243 fides
1495 1200 1726 1258 utriusque
1746 1199 2129 1244 Macedonicorum
2145 1229 2159 1251 ,
2192 1213 2306 1256 quae
2332 1198 2518 1256 vestigia
2546 1197 2654 1241 alio-

265 1283 365 1312 rum
392 1267 604 1311 librorum
635 1268 691 1310 ab
717 1268 768 1311 iis
797 1267 1046 1322 editorum,
1082 1267 1227 1325 aliqua
1256 1274 1379 1312 certe
1405 1282 1459 1311 ex
1484 1274 1610 1326 parte
1637 1268 1704 1312 vel
1732 1274 2097 1327 argumentorum
2119 1266 2376 1311 necessitate
2398 1281 2562 1324 cogere
2585 1265 2655 1309 vel

264 1342 422 1380 er'uere
440 1336 721 1379 coniecturae
740 1336 1062 1394 probabilitate.
1131 1336 1188 1379 In
1209 1351 1295 1394 qua
1315 1350 1448 1396 opera
1471 1336 1532 1380 ita
1549 1336 1845 1390 versabimur,
1880 1343 1930 1380 ut
1956 1336 2038 1380 hoc
2064 1335 2107 1379 in
2135 1335 2231 1378 loco
2257 1350 2419 1392 eorum.
2438 1348 2655 1391 summam

264 1404 716 1462 comprehendamus,
752 1420 867 1462 quae
896 1420 952 1448 ex
980 1405 1260 1462 pertractatis
1283 1404 1468 1462 singulis
1494 1405 1584 1448 sive
1601 1405 1860 1463 fragmentis
1884 1405 1976 1448 sive
1999 1403 2259 1448 testimoniis
2275 1420 2369 1448 esse
2385 1404 2656 1457 consectaria

266 1473 474 1529 deinceps
493 1473 907 1516 demonstrabimus.
978 1472 1047 1516 Ea
1066 1480 1211 1516 autem
1227 1504 1241 1526 ,
1275 1472 1450 1516 sirecte
1469 1473 1816 1527 numeravimus,
1853 1480 2030 1530 praeter
2054 1472 2236 1516 Suidam
2262 1478 2308 1514 et
2335 1471 2580 1516 Eudociam
2609 1470 2656 1514 in

265 1549 358 1585 tota
382 1541 647 1599 antiquitate
666 1547 842 1585 exstant
862 1541 1054 1596 XXVI„
1089 1548 1134 1586 et
1152 1541 1237 1585 IX.
1261 1540 1464 1599 quidem,
1498 1548 1710 1599 quantum
1738 1541 2013 1600 colligimus,
2047 1540 2312 1600 pertinentia
2332 1539 2389 1584 ad
2409 1539 2657 1596 Pellaeum,

266 1609 322 1654 ad
343 1610 676 1667 Philippensem
692 1609 916 1668 Marsyam
939 1609 1109 1668 reliqua
1130 1610 1199 1653 vel
1220 1610 1411 1653 maxima
1427 1616 1550 1654 certe
1576 1625 1677 1669 pars
1697 1626 1850 1656 eorum
1886 1608 1968 1668 (cf.
1995 1609 2050 1654 fr.
2076 1607 2270 1671 XXII).¹
2340 1602 2654 1667 Pellaeus‘igi-

267 1686 343 1722 tur
362 1678 592 1736 Marsyas,
628 1679 823 1736 aequalis
852 1678 1096 1722 Alexandri
1120 1679 1184 1721 M.
1214 1694 1316 1722 cum
1341 1694 1483 1736 eoque
1514 1694 1601 1723 una
1628 1678 1866 1732 educatus,
1899 1678 2113 1737 Antigoni
2130 1685 2279 1722 autem
2299 1677 2437 1721 frater
2455 1677 2657 1721 uterinus

268 1743 350 1807 (fr.
368 1745 493 1804 IX),
528 1747 610 1789 etsi
633 1742 947 1800 γραμμάτων
970 1743 1263 1788 διδάσκαλος
1288 1746 1435 1806 aliquo
1453 1747 1779 1806 temporesuit,
1814 1754 1963 1791 tamen
1980 1753 2149 1791 mutata
2175 1747 2290 1791 vitae
2316 1745 2573 1790 condicione
2599 1745 2655 1789 ad

268 1831 392 1860 arma
412 1832 459 1859 se
475 1815 713 1859 contulerit
732 1822 932 1873 oportet,
968 1816 1145 1873 quando
1167 1830 1345 1874 pugnae
1363 1816 1505 1859 navali
1525 1817 1581 1860 ab
1599 1817 1831 1861 Demetrio
1850 1817 2062 1874 Antigoni
2082 1816 2174 1859 filio
2201 1815 2275 1858 Ol.
2298 1820 2410 1869 118,
2429 1820 2473 1859 2.
2500 1822 2656 1859 contra

267 1884 576 1928 Ptolemaeum
606 1883 662 1927 ad
687 1884 889 1943 Cyprum
916 1885 1173 1929 commissae
1200 1884 1425 1939 interfuit,
1469 1885 1562 1944 ipse
1596 1884 1744 1929 classis
1776 1884 2018 1945 particulae
2053 1885 2107 1929 ab
2143 1883 2374 1929 Demetrio
2409 1882 2656 1942 praefectus

267 1951 405 2013 (IX).
435 1954 608 1997 Rerum
627 1953 1013 1997 Macedonicarum
1032 1953 1257 1998 historiam
1278 1953 1431 1998 decem
1450 1953 1572 1997 libris
1589 1954 1845 2013 complexus
1863 1961 1929 1999 est
1947 1955 2001 1998 ab
2022 1954 2267 2013 originibus
2291 1952 2349 1997 ad
2371 1952 2444 1996 Ol.
2472 1957 2493 1997 1
2507 1957 2585 2007 12,
2607 1958 2652 1998 2.

270 2020 412 2083 (IX),
447 2023 507 2065 ita
527 2022 706 2080 quidem
734 2029 784 2065 ut
808 2023 1037 2065 minimum
1058 2029 1268 2081 quattuor
1295 2022 1392 2065 libri
1420 2022 1552 2066 medii
1578 2023 1623 2066 in
1642 2023 1991 2081 Philippicorum
2014 2029 2264 2081 temporum
2284 2021 2535 2066 narratione
2555 2036 2654 2066 ver-

268 2097 473 2135 sarentur
490 2088 572 2149 (V.
596 2089 704 2150 VI).
743 2090 838 2134 Pro
858 2107 911 2135 ea
929 2106 1042 2149 quae
1062 2101 1169 2134 cum'
1182 2097 1470 2134 tractatarum
1490 2106 1639 2135 rerum
1660 2092 1871 2135 memoria
1892 2091 2192 2136 intercedebat
2203 2091 2408 2148 Marsyae
2426 2096 2472 2134 et
2487 2089 2656 2148 patriae

268 2166 312 2203 et
328 2159 485 2203 aetatis
504 2158 688 2202 societas
700 2191 713 2213 ,
757 2159 953 2217 locuples
974 2160 1163 2218 scriptor
1181 2166 1226 2203 et
1246 2159 1334 2203 fide
1357 2159 1462 2218 dign
1470 2176 1518 2204 us
1535 2160 1710 2205 videtur
1727 2161 1944 2205 exstitisse
1962 2158 2010 2219 (1
2020 2160 2095 2219 V).
2133 2161 2232 2204 Nec
2249 2160 2497 2203 Atticorum
2516 2157 2655 2203 ullum

270 2228 503 2285 vestigium
524 2234 668 2270 exstat
696 2224 779 2287 (cs.
800 2226 918 2286 XI),
946 2244 1043 2281 nec,
1076 2228 1236 2271 damno
1254 2228 1468 2285 imprimis
1486 2229 1692 2283 dolendo,
1724 2230 1817 2273 eius
1834 2229 1932 2272 libri
1952 2244 2038 2288 quo
2060 2228 2115 2272 de
2136 2228 2396 2272 educatione
2413 2226 2654 2271 Alexandri

268 2295 330 2339 M.
357 2302 679 2339 commentatus
708 2304 774 2339 est
802 2294 885 2355 (cf.
908 2295 1113 2355 XXVI),
1159 2297 1359 2353 Marsyas
1377 2303 1525 2342 autem
1546 2297 1864 2355 Philippensis,
1899 2297 2110 2341 Herculis
2129 2296 2331 2346 sacerdos
2347 2294 2529 2355 (XVI),
2563 2295 2655 2354 pri-

269 2379 390 2408 mum
416 2371 785 2408 commemoratus
814 2365 932 2408 circa
960 2364 1241 2422 Vespasiani,
1279 2358 1461 2409 Traiani
1489 2365 1797 2424 Hadrianique
1824 2372 2021 2424 tempora
2050 2364 2211 2424 (XIX.
2237 2365 2344 2408 XX.
2374 2363 2538 2424 XVI),
2572 2364 2655 2408 etsi

269 2438 434 2491 quanto
454 2439 551 2490 post
574 2432 804 2477 Pellaeum
826 2433 988 2477 vixerit
1005 2448 1092 2476 non
1112 2440 1308 2487 constat,
1343 2442 1488 2479 tamen
1514 2434 1631 2479 haud
1656 2442 1915 2479 cunctanter
1944 2434 2000 2478 ad
2024 2434 2278 2493 posterioris
2299 2433 2456 2478 aetatis
2472 2447 2525 2478 ea
2541 2439 2653 2477 tem-

270 2517 377 2560 pora
396 2501 655 2545 referendus
672 2509 761 2555 est,
797 2503 955 2560 quibus
975 2504 1018 2546 in
1042 2503 1326 2561 multiplicem
1350 2504 1495 2548 variae
1515 2504 1775 2549 eruditionis
1794 2504 2099 2547 tractationem
2122 2504 2413 2562 subtilemque
2430 2517 2654 2547 commen-

270 2569 393 2614 tandi
408 2570 650 2614 exilitatem
670 2578 793 2615 vetus
811 2579 857 2615 et
874 2572 1055 2630 antiqua
1075 2571 1323 2616 litterarum
1351 2573 1604 2632 simplicitas
1624 2579 1818 2618 verterat
1838 2571 2019 2631 (XVII.
2041 2570 2179 2632 sqq.).
2233 2573 2383 2618 Huius
2399 2566 2654 2621 Macedoni-

269 2655 351 2683 con
365 2671 377 2693 ,
414 2655 527 2697 quae
545 2639 682 2682 multa
703 2640 833 2683 fuisse
853 2641 896 2683 in
917 2642 1113 2684 locorum
1134 2640 1425 2698 descriptione
1443 2643 1650 2686 videntur
1668 2640 1824 2700 (XV),
1859 2642 1965 2686 haec
1984 2642 2066 2685 suit
2080 2673 2093 2695 ,
2128 2642 2163 2684 si
2183 2640 2433 2685 testimonio
2454 2655 2540 2684 non
2553 2655 2653 2684 ⁴am-

268 2708 406 2765 biguo
428 2707 691 2760 insistimus,
727 2708 864 2761 ratio,
900 2717 949 2752 ut
969 2709 1218 2753 inchoatum
1244 2725 1269 2752 a
1290 2709 1470 2754 Pellaeo
1489 2726 1599 2768 opus
1618 2711 1952 2764 continuarent,
1983 2710 2025 2753 h.
2047 2726 2086 2752 e.
2118 2716 2167 2752 ut
2194 2708 2501 2767 praetermissa
2524 2702 2654 2766 slspe-

270 2776 438 2819 riorum
458 2791 618 2834 regum
639 2776 849 2819 memoria
867 2778 922 2820 ab
942 2778 1076 2834 ipsius
1094 2777 1332 2821 Alexandri
1351 2779 1412 2821 M.
1435 2780 1564 2823 rebus
1580 2779 1734 2837 gestis,
1755 2794 1940 2837 quarum
1961 2785 2132 2836 partem
2151 2784 2321 2821 tantum
2342 2777 2655 2835 perscripserat

270 2844 502 2897 Pellaeus,
536 2844 793 2887 ordirentur
812 2843 926 2903 (X),
961 2846 1082 2889 libris
1100 2853 1248 2890 autem
1267 2846 1495 2890 minimum
1520 2862 1595 2890 sex
1616 2847 2095 2905 comprehenderentur
2113 2844 2303 2905 (XIII).
2358 2846 2485 2894 Quae
2504 2851 2653 2906 autem

268 2912 386 2956 inter
410 2912 517 2956 haec
532 2912 829 2970 Philippensis
846 2913 1049 2971 Marsyae
1068 2914 1352 2959 Macedonica
1370 2916 1654 2973 eiusdemque
1676 2914 1736 2955 τὰ
1756 2918 1866 2967 περὶ
1899 2915 2232 2965 Ἀλέξανδρον,
2271 2929 2457 2971 quorum
2476 2913 2656 2973 quintus

269 2980 381 3025 liber
400 2982 638 3035 excitatur,
673 2981 787 3024 ratio
807 2981 1119 3037 intercesserit,
1154 2983 1414 3041 perdifficile
1433 2984 1554 3028 dictu
1573 2991 1640 3027 est
1657 2981 2046 3043 (XXV.XXVI).
2098 2982 2398 3039 Mytleicorum
2414 2996 2553 3041 pauca
2574 2995 2655 3025 nec

267 3057 421 3109 aperta
439 3050 626 3110 vestigia
646 3057 884 3108 supersunt
906 3050 1117 3110 (XXIII.
1136 3051 1339 3113 XXIV),
1374 3053 1723 3111 Archaeologz‘ae
1740 3054 1966 3097 obscurior
1982 3053 2111 3097 etiam
2132 3052 2341 3096 memoria
2359 3058 2425 3096 est
2443 3047 2584 3112 (XI).-
