2927 3449
1305 157 1345 218 7

132 373 233 405 cum
252 358 354 404 alibi
373 356 586 416 Antigoni
604 361 774 415 patrem
795 354 1076 415 Philippum,
1109 370 1198 401 non
1217 355 1514 401 Periandrum
1533 356 1660 415 prodi
1682 356 2001 416 Wesselingius
2016 354 2273 400 recordatus
2297 355 2365 400 vel
2385 371 2507 401 erro-

133 428 196 474 r-is
214 427 284 473 vel
301 425 581 485 corruptelae
596 424 780 470 Suidam
796 425 1113 479 insimulasset,
1147 429 1214 469 sat
1241 425 1525 484 probabiliter
1545 425 1602 470 de
1630 425 1764 470 fratre
1782 424 1956 471 uterino
1975 424 2416 483 Schweighaeuserus
2432 440 2506 470 co—

130 496 293 558 gitavit
310 495 444 554 idque
464 495 704 553 Kruegero
722 509 899 554 qnoque
919 493 1135 553 persuasit
1153 494 1198 537 in
1218 494 1353 539 Clint.
1372 495 1496 539 Fast.
1519 494 1643 538 Heli.
1673 510 1716 552 p.
1741 497 1851 540 185.
2044 492 2113 538 Ad
2141 507 2304 537 anuum
2331 502 2506 539 sextum

133 563 375 611 Alexandri
393 561 652 622 produxisse
668 562 891 621 Marsyam
910 561 1225 607 Macedonicon
1247 561 1380 607 libros
1396 562 1501 608 satis
1520 562 1679 606 Suidas
1696 561 1948 607 declaravit.
2003 563 2122 607 Nam
2141 562 2300 620 Syriae
2316 563 2506 607 incursio

133 631 204 691 (h.
231 647 273 676 e.
293 631 584 685 Phoenic-iae,
626 645 757 689 quem
786 631 993 690 loquendi
1022 645 1147 675 usum
1173 629 1521 689 locupletissimis
1547 631 1761 688 exemplis
1783 631 2035 675 Kreuserus
2058 630 2293 674 illustravit
2327 631 2509 680 Quaest.

132 701 323 746 Homer.
342 700 385 755 Ῑ,
419 715 464 758 p.
490 704 570 744 60.
592 713 687 759 sqq.
715 705 762 744 et
783 697 926 760 258.)
960 698 1233 744 non-dicitur
1255 713 1307 743 ea
1336 711 1450 759 quae
1476 699 1623 744 statim
1643 705 1742 758 post
1764 712 1956 758 pugnam
1984 698 2041 742 ad
2061 699 2202 742 Issum
2229 700 2503 744 commissam

134 769 268 814 fiebat
293 767 366 812 01.
391 774 412 812 1
427 772 503 821 12,
528 774 596 821 1.,
629 767 707 812 sed
732 768 872 812 altera
899 768 974 812 illa
999 774 1098 826 post
1116 776 1414 826 expugnatam
1436 769 1609 826 'Pyrum
1636 767 1946 825 conditamque
1972 766 2282 810 Alexandriam
2305 776 2507 827 suscepta

132 837 208 883 01.
233 842 347 893 112,
370 842 416 883 2.
443 836 593 892 initio,
636 851 767 897 quam
797 836 936 897 ipsam
961 836 1186 882 Diodorus
1209 836 1365 892 XVII,
1393 841 1474 884 52.
1500 836 1754 897 significans
1788 835 2067 890 ἐπανῆλθεν
2095 835 2159 877 εἰς
2183 832 2275 890 τήν
2305 836 2506 890 Συρίαν

132 905 260 951 dixit.
321 906 393 950 Cf.
421 906 556 950 Clint.
588 920 631 963 p.
664 908 774 952 164.
863 907 924 951 Vt
949 905 1068 964 apud
1089 906 1271 951 Suidam
1298 906 1500 951 videatur
1531 906 1673 959 μέχρι
1711 908 1852 959 τῆς-
1887 903 2078 961 ἐφόδου
2115 906 2218 956 τῆς
2251 903 2375 958 μετὰ
2411 903 2504 960 τήν

120 974 486 1026 Ἀλεξανδρείας
517 975 677 1015 κτίσιν
702 975 981 1019 scribendum
1010 990 1121 1025 esse.
1426 992 1435 1007 x

271 1042 386 1086 Pars
403 1043 547 1087 adhuc
563 1042 884 1100 disputatorum
912 1042 1198 1087 fundamento
1224 1041 1308 1087 hoc
1333 1043 1514 1097 nititur,
1553 1041 1672 1100 quod
1702 1041 1882 1086 alterius
1908 1041 2112 1100 Marsyae
2134 1041 2418 1086 Macedonica
2438 1043 2504 1086 di-

132 1111 278 1156 ximus
290 1112 361 1156 ah
387 1111 518 1169 regni
547 1110 672 1154 initio
705 1111 947 1156 Alexandri
974 1112 1230 1155 M.-exorsa·
1248 1127 1358 1155 esse.
1443 1109 1575 1160 Quod
1604 1110 1781 1168 quidem
1808 1110 1942 1168 longe
1969 1110 2227 1168 gravissimo
2257 1112 2504 1155 testimonio

130 1180 387 1237 comprobat
420 1176 520 1239 (X)
540 1178 794 1223 Scholiasta
819 1180 865 1223 in
891 1178 1097 1237 Euripid.
1125 1179 1311 1238 Hippoi.
1335 1184 1466 1233 666.,
1500 1178 1576 1236 qui
1605 1177 1661 1221 de
1686 1177 1802 1221 nodo
1823 1178 1991 1222 G-ordio
2014 1192 2153 1236 agens
2175 1179 2231 1221 ab
2251 1178 2504 1223 Alexandro

130 1246 341 1291 dissoluto
365 1243 612 1299 Μαρσύας
637 1242 689 1287 δὲ
715 1247 779 1291 ait
814 1245 841 1289 ὁ
870 1244 1165 1299 νεώτερος
1200 1247 1262 1287 ἐν
1295 1249 1364 1302 τῇ
1400 1242 1608 1300 πρώτῃ
1644 1248 1766 1287 τῶν
1793 1243 2173 1287 Μακεδόνων
2210 1248 2503 1299 ἱστοριῶν

130 1321 287 1370 φησιν
316 1311 502 1357 οὕτως·
538 1317 624 1367 τῆς
657 1309 708 1356 δὲ
739 1313 933 1367 ἁμάξης
964 1314 1158 1369 λέγεται
1187 1311 1279 1356 ’τὸν
1313 1312 1477 1368 ξυνὸν
1508 1316 1578 1366 τῷ
1613 1311 1759 1367 ῥυμῷ
1788 1315 2142 1364 προσδεδέσθαι
2171 1311 2385 1365 κλήματι
2413 1316 2503 1366 α’μ-

130 1382 331 1438 πελίνῳ.
401 1382 571 1434 Quibus
594 1397 708 1441 quae
733 1388 1050 1428 annectuntur:
1085 1382 1186 1426 ἔστι
1211 1377 1262 1424 δὲ
1289 1378 1484 1438 λόγιον,
1526 1377 1578 1426 ὃς
1601 1378 1663 1423 ἂν
1693 1379 1783 1424 τὸν
1808 1378 1988 1434 δεσμὸν
2016 1383 2200 1426 τοῦτον
2225 1378 2375 1438 λύσῃ,
2414 1386 2502 1437 βα-

131 1447 375 1493 σιλεύσειν
407 1449 557 1511 (vulg.
585 1447 746 1500 λύσει,
791 1447 1101 1512 βασιλεύσει)
1141 1452 1229 1504 τῆς
1252 1450 1426 1497 Ἀσίας.
1463 1449 1784 1503 Ἁλέξανδρον
1821 1450 1873 1492 δέ
1903 1456 2025 1506 φασι
2064 1447 2155 1493 τὸν
2189 1448 2502 1494 4Μακεδόνων

129 1519 338 1574 βασιλέα
364 1521 514 1562 λῦσαι
540 1517 723 1562 αὐτόν·
760 1517 813 1562 ὃς
849 1516 1068 1573 διαβὰς
1102 1520 1188 1561 εἰς
1222 1516 1534 1571 τήνᾎσίαν
1570 1519 1679 1570 τὴν
1716 1518 1792 1559 ἐπὶ
1814 1520 2047 1573 Γρανικῷ
2068 1516 2231 1571 μάχην
2252 1519 2445 1573 ἐνίκησε
2466 1522 2502 1579 *)

132 1588 218 1630 καὶ
240 1587 538 1644 παρεγένετο
562 1587 637 1631 ἐπὶ
658 1584 748 1632 τὸν
764 1585 921 1632 τόπον
939 1603 1040 1634 cum
1060 1588 1241 1647 reliquis
1260 1587 1317 1632 ad
1335 1589 1469 1634 finem
1488 1587 1663 1643 scholii,
1698 1588 1805 1633 haec
1822 1589 1962 1647 igitur
1980 1588 2061 1632 etsi
2082 1588 2220 1632 videri
2247 1597 2427 1646 possunt
2446 1606 2500 1634 ex

129 1656 336 1715 Marsyae
354 1657 466 1701 libro
485 1657 637 1702 hausta
657 1673 767 1713 esse,
801 1664 948 1702 tamen
968 1658 1061 1716 ipsa
1079 1657 1211 1702 verba
1228 1657 1453 1715 scriptoris
1469 1657 1543 1700 vix
1561 1671 1789 1716 agnoscas.
1843 1656 2062 1702 Gordium
2081 1664 2229 1700 autem
2250 1656 2503 1703 Alexander

130 1726 331 1784 pervenit
358 1726 431 1770 01.
458 1732 513 1771 11
529 1733 571 1780 1,
592 1727 637 1771 4.
666 1725 709 1770 1ι.
727 1743 768 1771 e.
796 1726 967 1785 imperii
984 1742 1101 1770 anno
1120 1727 1253 1770 tertio
1272 1734 1506 1784 quartove:
1547 1726 1605 1770 cf.
1629 1726 1767 1769 Clint.
1791 1742 1834 1783 p.
1861 1731 1974 1770 162.
2025 1766 2030 1769 ,
2184 1726 2256 1769 Ex
2283 1741 2336 1769 eo
2361 1742 2500 1784 quan-

130 1796 262 1853 quam
281 1793 388 1838 nihil
405 1794 508 1839 licet
527 1793 583 1838 de
602 1794 811 1839 mediocri
828 1795 993 1839 ambitu
1012 1794 1274 1853 scriptorum
1300 1795 1356 1838 ab
1382 1794 1560 1852 Marsya
1588 1793 1860 1852 Philippensi
1887 1793 2201 1838 Macedonicon
2228 1800 2352 1838 certo
2378 1795 2501 1839 colli-

130 1876 241 1921 gere
252 1892 271 1916 5
298 1863 463 1921 quippe
479 1863 557 1921 qui
574 1866 651 1916 ea,
685 1877 800 1920 quae
815 1863 903 1906 iam
919 1869 1188 1921 pertractata
1204 1878 1231 1905 a
1254 1862 1429 1906 Pellaeo
1450 1861 1646 1917 videret,
1681 1864 1875 1920 potuerit
1898 1863 2135 1905 summario
2162 1863 2354 1921 quodam
2375 1878 2501 1907 coar-

130 1936 280 1986 ctare,
314 1932 493 1976 uberius
508 1946 580 1976 res
599 1932 655 1975 ah
672 1930 745 1975 01.
770 1937 791 1976 1
805 1937 883 1987 12,
906 1937 952 1977 2.
983 1937 1135 1990 gestas
1147 1932 1375 1990 persequi:
1408 1938 1556 1976 tamen
1577 1937 1747 1975 tantum
1764 1931 1982 1985 efficitur,
2016 1931 2088 1974 vix
2119 1930 2265 1975 locum
2291 1929 2335 1975 in
2354 1931 2502 1978 Mace·

131 1997 298 2044 donicis
313 2000 510 2045 invenire
536 1998 663 2060 (XI)
687 2000 834 2044 Schol.
853 2001 898 2044 in
919 2000 1096 2044 Platon.
1116 2000 1301 2044 ConviV.
1330 2016 1374 2058 p.
1395 2004 1512 2046 373.
1547 2000 1692 2044 Bekk.
1719 1998 1776 2043 de
1802 2000 2034 2058 Agathone
2060 2000 2381 2044 testimonium:
2417 2005 2502 2043 καὶ

131 2064 257 2120 πρὸς
280 2067 536 2121 Ἀρχέλαον
569 2065 891 2121 τὸνβασιλέα
919 2066 1099 2124 ᾤχετο,
1151 2065 1218 2110 ὣς
1245 2066 1490 2121 Μαρσύας
1527 2065 1599 2129 [ὁ]
1641 2064 1952 2120 νεώτερος.
2042 2069 2160 2112 Nam
2191 2075 2240 2112 ut
2268 2069 2384 2114 hunc
2409 2070 2502 2129 ipso

129 2135 254 2180 initio
270 2136 399 2196 primi
417 2136 516 2181 libri
537 2143 779 2181 statuamus
796 2137 992 2197 priorum
1013 2151 1172 2196 regum
1198 2137 1491 2182 successiones
1516 2151 1818 2195 summamque
1844 2137 2102 2196 antiquioris
2125 2137 2330 2182 historiae
2354 2138 2502 2184 Mace·

130 2204 314 2251 donicae
333 2206 482 2265 paucis
498 2205 777 2265 complexum
799 2217 918 2261 esse,
952 2206 1164 2251 tamen-in
1181 2206 1394 2250 eiusmodi
1416 2206 1634 2250 delectum
1653 2206 2010 2264 gravissimorum
2031 2207 2223 2264 capitum
2252 2208 2400 2266 ecquis
2421 2209 2502 2252 sibi

129 2273 394 2333 persuadeat
412 2282 502 2318 tam
522 2274 660 2319 levem
681 2289 773 2319 rem
790 2290 885 2319 esse
900 2275 1078 2320 ascitam
1092 2306 1106 2330 ,
1139 2275 1282 2335 qualis
1297 2274 1465 2334 aliquot
1482 2282 1709 2334 poetarum
1738 2272 1914 2333 (habuit
1929 2275 2046 2319 enim
2066 2275 2205 2319 socios
2230 2276 2354 2320 istius
2375 2291 2502 2335 pere·

129 2342 392 2400 griuationis
422 2342 622 2403 Agatho)
657 2344 701 2387 in
729 2343 1031 2388 Macedoniam
1057 2343 1272 2388 adventus
1297 2343 1412 2387 fuit?
1480 2343 1570 2388 Sed
1608 2344 1681 2387 ubi
1715 2343 1892 2401 quidem
1921 2345 2015 2388 eius
2042 2344 2209 2388 itineris
2234 2346 2499 2390 mentionem

129 2407 331 2491 Marsyas
360 2411 539 2465 fecerit,
580 2411 804 2456 difficilius
830 2427 958 2467 sane,
1001 2427 1134 2471 quam
1161 2412 1414 2470 quaeritur,
1459 2412 1763 2470 respondetur.
1844 2413 2209 2467 Ἀρχαιολογίαν
2247 2413 2503 2471 perhibetuu

129 2478 376 2538 scripsme,
411 2485 461 2523 ut
491 2487 668 2538 praeter
691 2481 954 2539 Dionysium
981 2486 1027 2525 et
1054 2480 1289 2538 Iosephum
1320 2479 1630 2539 Pherecydes,
1665 2479 1999 2534 Phanodemus‚
2034 2488 2079 2524 et
2103 2481 2286 2525 fortasse
2311 2481 2504 2541 Hippias

40 2551 43 2553 ’
130 2552 265 2605 atque
284 2547 601 2593 Anaximenes·
634 2549 759 2593 cuius
787 2556 934 2594 terrae
961 2549 1030 2594 vel
1060 2549 1231 2607 gentis,
1265 2549 1513 2607 ignoratur.
1584 2549 1714 2599 Quod
1742 2551 1777 2593 si
1804 2550 1902 2607 quis
1928 2549 1984 2593 de
2008 2551 2165 2593 Attica
2193 2550 2502 2609 archaeologea

129 2614 429 2663 coniecturam
456 2616 587 2661 faciat
614 2616 758 2677 deque
783 2623 952 2663 temere
974 2617 1203 2676 discerptis
1227 2616 1391 2662 Suidae
1417 2617 1502 2663 iliis
1529 2618 1698 2671 verbis,
1732 2633 1845 2676 quae
1861 2633 1965 2662 sane
1983 2619 2114 2662 tertio
2131 2619 2303 2663 invecto
2325 2619 2504 2679 Μειε)ει

129 2683 305 2728 turbata
322 2700 416 2730 eme
434 2683 641 2729 vidimus:
677 2700 763 2729 non
782 2685 916 2730 fuerit
933 2685 1051 2730 istud
1066 2685 1242 2745 quidem
1269 2685 1357 2729 ullo
1375 2693 1505 2744 pacto
1521 2682 1782 2739 absurdum,
1826 2687 2085 2743 praesertim
2115 2703 2217 2733 cum
2244 2695 2290 2731 et
2318 2686 2503 2731 Ἀττικά

131 2739 203 2795 illa
225 2751 407 2798 Pellaeo
433 2754 623 2845 ascripta
649 2761 694 2798 et
719 2753 827 2798 haec
850 2753 1182 2810 αρχαιολογία
1210 2753 1413 2799 dicantur
1437 2753 1652 2810 βιβλίοις
1680 2750 1738 2809 ιβ’
1761 2754 2027 2809 constitisse3
2069 2756 2146 2800 sed
2173 2762 2320 2801 tamen
2352 2758 2502 2802 mirari

183 2872 220 2920 *)
249 2876 449 2925 Vulgatur
462 2874 593 2926 διαβὰς
606 2875 690 2915 τινὰ
706 2876 816 2925 μάντι
803 2890 839 2914 ιν
853 2875 916 2916 3⁸2
933 2845 1108 2928 Γρανίκῳ
1124 2875 1248 2926 μάχην
1268 2876 1428 2924 ἐνίκησε.
1486 2879 1589 2914 Cum
1615 2890 1746 2924 μαπει
1769 2879 1906 2926 aliquo
1932 2880 2007 2916 etsi
2029 2892 2115 2916 rem
2141 2892 2182 2915 ιιι
2186 2893 2237 2916 ne
2253 2881 2304 2915 ha
2306 2881 2394 2917 buit
2409 2883 2503 2916 Ale·

244 2933 393 2974 xander
414 2940 515 2972 teste
539 2935 712 2972 Diodoro
735 2937 866 2981 XVII,
900 2938 1069 2982 17.18.,
1099 2943 1235 2973 tamen
1259 2936 1301 2972 id
1326 2936 1414 2972 nihi
1417 2936 1433 2972 l
1452 2948 1499 2984 pe
1479 2936 1651 2972 ‘ttinere
1681 2935 1729 2971 ad
1754 2936 1899 2973 scholii
1922 2944 2106 2985 corrupte
2086 2939 2191 2974 elam
2211 2944 2300 2985 pote
2281 2945 2357 2983 est,
2387 2940 2482 2974 ciuu

242 2989 565 3029 emendationem
579 2993 744 3030 firmant
756 2961 934 3029 eiusdem
950 2994 1069 3030 verba
1095 3006 1183 3042 cap.
1203 2997 1270 3032 16.
1297 2994 1364 3038 τῆς
1380 2993 1433 3029 sle
1446 2992 1517 3039 τὴν
1532 2992 1648 3031 Ασίαν
1663 2990 1867 3041 διαβασεως
1874 3021 1886 3040 ,
1915 3001 1956 3030 et
1977 3007 2012 3031 e.
2036 2999 2101 3034 17.
2125 2996 2163 3031 οὶ
2177 2994 2254 3041 μετ’
2269 2992 2410 3041 Ἀλεξόν
2388 2950 2502 3040 νοιῗδρ

242 3042 437 3092 διαβάντες
459 3049 514 3085 εἰς
533 3047 605 3096 τὴν
620 3047 757 3088 usca-v:
799 3057 846 3086 ut
868 3051 1074 3088 mittamus
1088 3050 1294 3088 Plutarch.
1317 3051 1386 3087 vit.
1410 3051 1522 3088 Alex.
1552 3063 1588 3088 o·
1607 3055 1669 3097 9.‚
1702 3051 1892 3089 Aeschiu.
1920 3052 2009 3091 adv.
2027 3052 2131 3089 Ctes.
2164 3065 2202 3100 p.
2223 3056 2290 3092 77.
2310 3053 2367 3089 St.
2397 3054 2503 3096 init„

244 3101 376 3139 Clem-
397 3105 462 3145 Al.
483 3107 570 3143 ‘Stin
590 3108 623 3152 1,
653 3120 693 3155 p.
713 3107 808 3147 145.
838 3107 948 3154 sylb.
