2927 3449
1438 148 1513 209 10

284 354 466 391 notatur
483 343 734 396 Μαρσύας
752 345 806 387 ἐν
827 348 887 397 τῆ
910 344 1011 388 icio.
1033 347 1313 389 κοτὀδινιᾶι
1349 348 1392 390 in
1417 347 1579 405 quibus
1593 347 1814 406 sagaciter
1830 344 2057 406 perspexit
2081 362 2134 391 ac
2151 342 2280 390 nimis
2300 354 2563 393 cunctanter
2578 364 2687 408 pro-⁴

283 415 502 460 nuntiavit
519 414 746 459 Schowius
765 431 808 473 p.
824 420 938 461 696.
961 415 1101 460 latere
1137 416 1158 458 ἐ
1170 431 1198 457 ν
1225 429 1252 457 τ
1264 418 1293 468 ἦ
1307 429 1323 456 ι
1359 412 1397 456 α’
1405 445 1416 456 .
1453 417 1738 458 σκοτοδινιῶ
1750 430 1814 457 ·.·
1849 415 1968 475 quod
1986 415 2227 475 simplicius
2242 415 2374 459 etiam
2394 430 2529 475 quam
2548 416 2602 459 ἐν
2619 421 2682 475 τῇ

285 481 344 526 ια’
369 483 518 527 fuerit.
591 483 871 543 vvprofecto
893 499 981 539 non
1003 484 1204 542 ineptiat,
1240 484 1315 542 qui
1332 484 1556 542 Marsyam
1573 485 1838 528 alterutrum
1859 485 2054 542 ipsorum
2070 483 2387 529 Macedonicos
2408 484 2521 529 libro
2538 485 2686 544 primo

286 551 537 610 suspicetur
569 550 626 595 de
654 567 708 595 eo
736 551 915 596 nomine
941 552 1129 607 dixisse,
1162 567 1276 611 quo,
1312 566 1422 611 quos
1448 554 1752 604 παρθενίους
1778 551 2144 607 Lacedaemonii,
2180 551 2378 597 vocarint
2401 552 2685 600 Macedones.-

286 619 419 671 Quod
447 619 627 677 quidem
658 635 740 664 nec
765 625 1016 672 κοριναῐοι
1045 628 1190 680 potest
1219 637 1299 665 nec
1331 625 1596 673 κορηναῐοι
1623 621 1782 677 fuisse,
1815 620 1892 666 sed
1916 628 1965 666 ut
1984 623 2253 666 arbitramur
2273 613 2579 670 κορευναῐοι.
2631 639 2636 647 ·

287 688 358 734 Ad
395 688 606 746 Mytke'ca
643 695 792 732 autem
821 690 981 733 merito
1010 689 1232 734 rettulisse
1259 688 1726 748 Schweighaeuserum
1755 690 2058 734 existimamus
2084 690 2193 734 haec
2217 686 2444 749 (xxm)
2468 689 2686 736 Athenaei

288 757 412 814 Epit.
436 757 504 810 II,
531 771 573 814 p.
600 762 680 801 69.
709 756 778 799 d.:
818 758 1062 808 Κρατῖνος
1081 757 1132 797 δέ
1153 764 1275 811 φησι
1300 753 1502 798 Φάωνος
1529 757 1824 808 ἐρασθεῖσαν
1843 755 1938 810 τήν
1959 758 2253 813 Ἀφροδίτην
2283 757 2337 798 ἐν
2369 758 2553 799 καλαῖς-
2572 760 2683 810 spu

289 826 516 865 δακίναις
536 822 696 866 αὐτὸν
717 822 1008 876 ἀποκρύψαι
1023 853 1033 871 ,
1074 822 1320 875 Μαρσύας
1338 820 1389 866 δὲ
1420 822 1446 866 ὁ
1479 822 1742 876 νεώτερο
1757 837 1777 867 ς
1805 825 1859 867 ἐν
1877 822 2001 882 χλόῃ
2029 827 2239 878 κριθῶν.
2308 825 2573 884 Quanquam
2600 826 2684 871 im-

288 893 448 936 merito
469 892 586 937 hunc
603 893 863 951 scriptorem
880 894 935 937 ab
953 909 1032 947 eo,
1067 894 1142 952 qui
1163 894 1509 952 Harpocrationi
1527 900 1574 937 et
1592 895 1759 939 Suidae
1779 892 1804 936 ὀ
1830 890 2074 946 νεώτερος
2092 894 2280 947 dicitur,
2315 892 2433 937 idem
2454 893 2683 953 Schweig-

288 960 528 1005 haeuserus
547 960 763 1005 distinxit.
940 963 1039 1007 Nec
1057 962 1160 1006 alibi
1180 962 1261 1006 nisi
1281 962 1325 1006 in
1346 962 1553 1020 Mythicis
1572 962 1714 1008 locum
1737 963 1946 1008 videntur
1962 962 2068 1008 haec
2086 962 2284 1008 habuisse
2302 959 2516 1023 (xxlv)
2531 962 2678 1008 Schol.

287 1031 332 1072 in
345 1029 508 1086 Odyss.
528 1031 712 1082 XVIII,
736 1033 840 1075 85.=
870 1029 1069 1081 Ἔχετος
1086 1046 1150 1084 nr
1167 1028 1260 1081 μὲν
1279 1028 1387 1072 υίὸς
1408 1030 1676 1082 Βουχέτου,
1696 1032 1782 1085 ἀφ’
1800 1028 1863 1074 οὖ
1883 1033 1968 1072 καὶ
1987 1032 2040 1073 ἐν
2056 1032 2263 1084 Σικελίᾳ
2280 1028 2420 1072 πόλις
2438 1027 2685 1083 Βούχετοε

288 1098 537 1140 καλεῖται·
574 1098 802 1141 Σικελῶν
823 1094 873 1141 δὲ
893 1094 1145 1150 τύραννος
1163 1100 1357 1155 λέγεται
1370 1132 1380 1141 .
1418 1099 1605 1142 τοῦτον
1622 1096 1741 1144 τοὺς
1757 1094 1848 1152 μὲν
1864 1099 2141 1156 ἐγχωρίους
2160 1093 2288 1141 κατὰ
2309 1094 2472 1141 πάντα
2489 1095 2682 1152 τρόπον

287 1165 525 1217 σίνεσθαι,
557 1163 675 1209 τούς
695 1162 746 1208 δὲ
764 1164 944 1212 ξένους
962 1166 1188 1219 ἀναιρεῖν
1205 1164 1515 1221 λωβώμενον
1532 1184 1574 1213 e.
1591 1182 1636 1227 q.
1654 1183 1689 1213 s.
1710 1165 1739 1222 ἦ
1759 1169 1956 1221 ἱστορία
1973 1164 2112 1221 παρὰ
2125 1165 2328 1222 Μνασέᾳ
2344 1168 2427 1209 καὶ
2443 1163 2680 1223 Μαρσύᾳ.

287 1235 527 1278 Noluimus
546 1236 692 1278 omnia
709 1237 1043 1289 transscribere,
1071 1237 1191 1294 quia,
1216 1237 1396 1279 Mnasea
1415 1236 1688 1293 potissimum
1707 1251 1763 1280 an
1781 1237 1959 1295 Marsya
1974 1244 2156 1280 auctore
2174 1237 2281 1280 haec
2298 1242 2552 1290 narrentur,
2584 1250 2677 1281 am·

286 1303 472 1361 bignum
492 1310 574 1347 est.
645 1305 909 1362 Quanquam
928 1303 1162 1358 habemus,
1196 1320 1279 1348 cur
1294 1320 1320 1348 a
1337 1304 1517 1348 Mnasea
1539 1305 1683 1362 potins
1702 1305 1943 1363 profectam
1963 1305 2234 1364 singularem
2254 1304 2373 1349 illam
2396 1304 2570 1350 fabulae
2586 1304 2680 1349 {or-

285 1386 402 1415 mam
439 1369 673 1415 credamus
686 1404 699 1425 ,
742 1387 856 1430 quae
882 1372 1082 1417 cernitur
1110 1373 1154 1416 in
1187 1373 1363 1417 Siciliae
1391 1372 1638 1426 mentione,
1680 1388 1780 1417 cum
1818 1374 2096 1418 consentiens
2130 1388 2215 1417 vox
2244 1372 2517 1431 antiquitatis
2539 1372 2597 1417 sit
2622 1372 2680 1418 de

286 1440 416 1498 Epiri
433 1447 479 1483 et
498 1453 608 1498 rege
625 1440 797 1483 Echeto
814 1447 861 1484 et
879 1442 991 1484 urbe
1011 1438 1255 1492 Βούχετος
1274 1441 1343 1485 vel
1363 1437 1611 1483 Βούκετος
1629 1441 1979 1493 νεΙΒουχέτιον
1997 1439 2141 1500 (qnod
2157 1442 2363 1485 Straboni
2375 1441 2486 1495 Vll,
2504 1455 2547 1498 p.
2563 1443 2679 1487 498.

289 1507 567 1551 reddendum
589 1523 670 1565 pro
689 1506 1017 1567 Βουχαίτιον)
1034 1508 1102 1551 vel
1123 1509 1362 1552 Βουκέτα.
1436 1509 1509 1552 De
1530 1509 1660 1551 rebus
1678 1516 1826 1553 autem
1847 1510 2087 1568 Epiroticis
2110 1510 2192 1553 etsi
2217 1510 2262 1552 in
2280 1510 2368 1553 suis
2387 1508 2682 1553 Macedonicis

287 1575 332 1619 h.
347 1592 388 1620 e.
416 1575 461 1618 in
474 1575 735 1634 Philippicis
752 1575 1089 1634 Theopompum
1112 1578 1289 1631 scimus,
1318 1577 1430 1620 libro
1451 1575 1632 1634 quidem
1654 1577 1854 1631 XLIII„
1890 1577 2038 1621 dedita
2059 1592 2193 1635 opera
2210 1577 2479 1635 exposuisse,
2512 1575 2569 1620 de
2589 1591 2679 1635 quo

288 1643 391 1689 vide
410 1644 706 1689 Wichersium
728 1660 772 1702 p.
793 1646 909 1690 240.
927 1660 1023 1703 sqq.
1038 1644 1357 1704 disputantem:
1391 1652 1539 1689 tamen
1556 1644 1639 1689 hoc
1668 1661 1755 1690 non
1772 1646 1901 1700 fecit,
1934 1645 2055 1704 quod
2075 1646 2177 1691 illae
2198 1646 2441 1691 necessario
2461 1660 2563 1690 cum
2581 1645 2679 1690 Ma-

287 1711 509 1758 cedonum
529 1712 711 1758 historia
729 1713 903 1758 vinculo
921 1713 1272 1770 continerentur,
1299 1713 1377 1760 sed
1395 1714 1500 1773 quia
1519 1713 1680 1759 nimius
1694 1714 1778 1759 suit
1795 1713 2097 1774 exspatiando,
2126 1714 2172 1760 id
2190 1713 2310 1774 quod
2329 1729 2416 1759 non
2435 1713 2541 1759 item
2558 1728 2680 1760 com-

288 1783 486 1840 perimus
514 1782 560 1825 in
584 1781 809 1841 Marsyam
837 1781 1014 1826 cadere.
2682 1798 2685 1800 ’

429 1851 622 1895 Restant
640 1849 729 1894 duo
748 1850 999 1910 fragmenta
1018 1851 1073 1894 ab
1090 1850 1449 1910 Harpocratione
1465 1855 1656 1905 servata,
1684 1849 1742 1895 de
1758 1851 1917 1909 quibus
1933 1849 2062 1896 valde
2079 1850 2339 1910 impeditum
2360 1856 2427 1895 est
2444 1849 2677 1897 iudicium:

288 1913 687 1978 alterum'(XXV)
714 1933 755 1961 v.
773 1918 1025 1971 Ἀριστίων
1038 1932 1145 1946 ·-·-
1165 1916 1313 1961 οὗτος
1329 1916 1519 1970 Σάμιος
1536 1918 1629 1971 μέν
1647 1916 1777 1960 ἐστιν
1795 1915 1828 1971 ἢ
1846 1915 2145 1967 Πλαταιεύς,
2185 1916 2251 1960 ὥς
2272 1915 2486 1961 Δίυλλός
2506 1926 2677 1975 φησιν,

289 1985 345 2028 ἐκ
362 1988 630 2040 μειρακίου
650 1988 690 2029 δ’
708 1986 904 2040 ἑταῖρος
920 1986 1286 2039 Δημοσθένους·
1308 1986 1536 2044 ἐπέμφθη
1557 1987 1596 2029 δ’
1615 1983 1694 2029 ὑπ’
1712 1986 1872 2029 αὐτοῦ
1894 1984 2017 2038 πρὸς
2035 1985 2533 2044 Ἡφαιστίωναὲνεκα
2545 1989 2678 2030 διαλ.

290 2057 492 2110 λαγῶν,
533 2053 599 2099 ὥς
627 2065 752 2112 φησι
781 2052 1028 2108 Μαρσύας
1064 2055 1127 2098 ἐν
1162 2056 1408 2112 πέμπτῳ
1444 2058 1565 2099 τῶν
1602 2050 1743 2107 περὶ
1781 2056 2197 2109 Ἆλέέανδρονε
2250 2056 2440 2102 alterum
2465 2054 2680 2116 (XXVI)

290 2139 331 2166 v.
360 2124 751 2180 Μαργίτης·--
770 2125 856 2165 καὶ
875 2120 1127 2177 Μαρσύας
1162 2124 1222 2165 ἐν
1257 2124 1508 2179 πέμπτῳ
1547 2126 1666 2164 τῶν
1704 2126 1843 2175 περὶ
1870 2122 2272 2178 Ἀλεξάνδρου
2309 2127 2496 2176 ίστορεί
2514 2126 2678 2180 λέγων

289 2193 564 2247 Μαργίτην
588 2190 688 2235 ὑπὸ
709 2192 1067 2244 Δημοσθένους
1090 2195 1349 2234 καλεῖσθαι
1372 2191 1460 2234 τὸν
1477 2192 1816 2243 Ἀλέξανδρον.
1887 2194 2163 2251 Scripturam
2184 2196 2284 2238 bina
2301 2194 2550 2237 testimonia
2565 2194 2677 2237 iuvi·

287 2275 384 2306 cem
403 2267 616 2317 tuentur,
651 2277 734 2307 nec
752 2261 810 2306 de
839 2276 892 2306 ea
909 2261 1076 2305 moveri
1093 2260 1307 2306 dubitatio
1336 2268 1505 2320 potest,
1540 2267 1849 2321 praeterquam
1874 2261 1993 2322 quod
2024 2263 2136 2314 περὶ
2161 2262 2485 2314 Ἀλέξανδρον
2511 2262 2680 2307 *usitata

289 2329 371 2375 hoc
389 2331 435 2375 in
454 2345 624 2389 genere
639 2337 707 2375 est
725 2330 941 2390 loquendi
952 2330 1114 2374 formae
1148 2330 1248 2375 vide
1265 2330 1669 2390 Schweighaeuser.
1690 2331 1734 2374 in
1752 2330 1911 2375 Athen.
1932 2331 2017 2375 vol.
2037 2330 2142 2387 XV,
2169 2347 2212 2390 p.
2230 2336 2340 2377 100.
2392 2332 2508 2376 Rem
2527 2337 2677 2375 autem

289 2414 369 2457 per
391 2406 541 2458 partes
557 2401 794 2460 utrobique
812 2398 998 2444 eandem
1018 2400 1188 2443 narrari
1208 2399 1335 2444 facile
1353 2398 1591 2458 persuadet
1609 2399 1816 2444 historiae
1833 2399 1957 2445 fides.
2027 2400 2240 2458 Spectant
2267 2400 2384 2444 enim
2415 2399 2490 2444 illa
2514 2399 2576 2444 ad
2601 2399 2675 2443 01.

295 2475 315 2513 1
330 2474 408 2523 11,
424 2474 487 2523 2.,
517 2485 608 2528 quo
627 2485 743 2514 anno
759 2470 815 2513 ab
833 2468 1172 2514 Atheniensibus
1190 2469 1269 2512 sibi
1287 2469 1401 2518 tradi
1421 2467 1676 2514 Alexander
1697 2484 1799 2513 cnm
1817 2468 1915 2513 aliis
1929 2469 2176 2514 oratoribus
2185 2469 2527 2514 Demosthenem
2537 2468 2677 2523 iussit,

289 2537 365 2596 qui
376 2543 552 2583 mortno
562 2538 769 2598 Philippo
780 2538 1007 2583 exsultans
1018 2537 1309 2583 desectionem
1327 2538 1531 2583 suasisset
1539 2537 1755 2597 huiusque
1772 2537 1817 2581 in
1835 2537 2155 2584 adolescentem
2166 2553 2461 2584 successorem
2477 2552 2580 2583 cum
2590 2536 2677 2597 alia

289 2606 484 2651 convicia
493 2607 750 2652 coniecisset
769 2614 866 2651 tum
885 2608 1173 2665 contemptim
1192 2622 1294 2651 eum
1309 2606 1579 2660 Μαργίτης
1596 2607 1774 2651 nomine
1792 2613 2006 2651 notasset:
2040 2608 2224 2652 testibus
2242 2607 2420 2666 quidem
2433 2605 2676 2651 Plutarcho

288 2673 366 2718 vit.
402 2673 535 2719 Dem.
554 2690 594 2720 c.
616 2679 696 2722 23.
716 2682 762 2721 et
779 2675 935 2721 Aesch.
953 2674 1263 2734 adv.Ctesiph.
1281 2691 1324 2736 p.
1347 2680 1374 2720 7
1383 2679 1425 2721 6.
1442 2676 1510 2720 St.
1522 2675 1569 2731 ·§.
1590 2679 1702 2721 160.
1738 2674 2087 2721 Reconciliatum
2098 2675 2398 2721 Alexandrum
2414 2672 2678 2720 Plutarchus

289 2749 335 2787 et
353 2743 581 2788 Diodorus
598 2745 753 2799 XVII,
785 2750 862 2790 16.
890 2761 917 2790 a
937 2744 1141 2790 Demade
1165 2743 1472 2799 tradiderunt,
1506 2750 1704 2789 tacentes
1730 2744 1792 2788 illl
1817 2743 1874 2789 de
1893 2745 2135 2799 Aristione;
2170 2745 2248 2790 sed
2266 2745 2395 2790 huius
2422 2744 2558 2803 ipsius
2572 2756 2675 2788 cum

288 2810 356 2855 his
382 2812 575 2871 negotiis
601 2813 880 2868 societatem,
923 2827 1175 2873 quanquam
1208 2812 1383 2858 silentio
1409 2811 1787 2872 Hephaestionem
1815 2813 2198 2871 praetermittens,
2240 2814 2416 2873 copiose
2440 2810 2677 2859 Aeschines

287 2880 327 2935 5.
351 2885 464 2925 162.
491 2888 751 2939 persecutus
775 2887 856 2924 est.
936 2882 1027 2926 Eas
1055 2883 1196 2941 igitur
1224 2896 1297 2926 res
1324 2888 1424 2926 uter
1453 2882 1657 2939 Marsyas
1685 2883 1759 2925 ubi
1786 2883 1989 2926 tractarit
2015 2884 2260 2940 quaeritur.
2340 2883 2502 2940 Neque
2527 2885 2676 2923 autem

286 2962 440 2993 earum
460 2951 719 2994 memoriam
740 2951 1039 3008 Harpocratio
1061 2957 1205 3009 potest
1222 2950 1305 2994 nisi
1322 2957 1400 2994 aut
1418 2966 1474 2995 ex
1497 2950 1668 2994 Pellaei
1688 2957 1766 2995 aut
1784 2965 1840 2995 ex
1863 2950 2160 3010 Philippensis
2187 2957 2264 2995 aut
2284 2965 2339 2994 ex
2363 2948 2561 2994 neutrius
2578 2945 2675 2994 Mn·

284 3015 505 3063 cedonicis
521 3018 731 3065 hausisse.
802 3018 939 3077 Atqui
957 3018 1163 3065 Pellaeus
1190 3020 1302 3064 libro
1325 3020 1512 3078 septimo
1528 3019 1788 3064 versabatur
1809 3020 1854 3063 in
1873 3020 2145 3079 temporibus
2164 3018 2437 3078 Philippicis.
2506 3012 2675 3067 Quodsi

285 3081 556 3148 lar-'gimmin-
573 3089 619 3134 in
638 3088 695 3135 fr.
714 3088 797 3136 VI.
812 3083 1001 3146 ἑβδόμῃ
1018 3096 1279 3150 corruptum
1295 3087 1414 3135 velut
1434 3105 1460 3135 e
1480 3087 1672 3146 πέμπτῃ
1690 3104 1785 3135 esse
1795 3121 1811 3146 ,
1845 3104 1951 3135 num
1979 3088 2186 3151 cuiquam
2212 3087 2423 3134 credibile
2449 3084 2676 3132 videretur
