2927 3449
1401 134 1441 192 9

227 334 425 387 Quarum
442 325 797 375 emendationum
814 341 915 372 cum
937 327 1174 387 pleraeque
1189 333 1317 373 extra
1333 327 1675 372 controversiam
1696 328 1861 387 positae
1878 327 1982 382 sint,
2017 326 2074 372 de
2094 341 2183 371 uno
2205 327 2437 379 περὶτῶν
2453 340 2603 370 κακο-

225 398 405 455 μόρων
420 396 575 443 :nescio
591 410 648 439 an
668 395 871 441 dubitare
890 397 1042 451 liceat,
1076 396 1355 456 quantumvis
1373 397 1480 442 scite
1499 398 1753 455 excogitato
1772 413 1853 455 pro
1871 412 1923 441 eo
1941 396 2060 456 quod
2077 397 2266 440 affertur
2282 411 2308 440 e
2329 395 2482 441 codice
2499 397 2602 438 τῶν

226 470 467 522 κακοβρὶ.’
491 466 752 522 Quanquam
762 480 906 524 apage
918 465 1037 509 velut
1048 465 1160 509 hanc
1175 465 1555 509 hallucinationem
1575 465 1626 507 ἐν
1637 467 1743 506 τῶν
1753 466 2116 507 Μακεδονικῶν
2130 466 2168 506 Γ
2172 467 2216 491 ‘¹³‘
2228 465 2312 505 καὶ
2330 468 2390 505 κφ
2417 464 2601 519 βιβλίῳ

224 536 268 582 h.
286 552 327 581 e.
345 535 499 587 τρίτῳ
521 533 605 574 καὶ
627 532 855 587 είκοστῷι
893 549 1006 592 quae
1026 548 1182 592 parum
1206 533 1363 577 usitata
1382 534 1438 578 sit
1453 533 1618 578 citandi
1637 534 1765 577 ratio.
1821 534 1937 578 Cum
1953 532 2036 578 hoc
2055 533 2197 592 igitur
2212 533 2463 578 testimonio
2481 546 2601 577 com-

225 602 402 649 modum
422 601 506 646 suit
524 601 891 658 Harpocrationis
905 602 1095 661 glossam
1126 599 1206 662 (fr.
1226 599 1382 659 XIV.)
1406 617 1685 661 componere.
1754 603 1982 660 Apparere
2007 610 2153 646 autem
2172 618 2227 648 ex
2246 602 2392 646 allatis
2408 601 2607 655 videtur,-

223 671 437 729 imprimis
466 669 723 727 diligentem
753 670 799 713 in
828 672 1002 714 urbium
1031 671 1353 729 regionumque
1377 670 1670 729 'descriptione
1703 670 1926 728 Marsyam
1957 669 2102 714 fuisse.
2304 670 2603 728 Adiungimus

224 753 368 792 nunc,
401 752 517 796 quae
545 738 628 781 etsi
656 753 742 781 non
768 739 1087 796 est.proditum
1113 754 1167 783 ex
1188 737 1481 782 Macedonicis
1508 746 1681 797 sumpta
1702 754 1822 791 esse,
1857 745 2005 781 tamen
2025 738 2228 781 tenuibus
2254 738 2449 791 indiciis,
2492 752 2602 796 quo-

223 805 354 850 modo
381 804 606 863 potuerint
637 805 681 849 in
709 805 762 849 iis
781 805 925 851 locum
944 805 1123 861 habere,
1156 806 1421 865 significant.
1491 807 1846 850 Consentaneum
1866 813 1932 849 est
1952 806 2085 858 enim,
2121 806 2242 864 prius
2262 821 2393 863 quam
2416 805 2472 850 de
2489 820 2600 863 quo·

221 875 286 918 vis
305 873 391 918 alio
410 874 579 917 incerto
602 874 801 931 cogitare
820 873 876 918 de
902 890 954 918 eo
975 874 1086 918 libro
1098 906 1112 929 ,
1143 890 1275 932 quem
1294 890 1397 919 vere
1412 882 1670 932 usurpatum
1687 874 1885 917 manibus
1903 874 2194 931 posteriorum
2214 875 2477 931 scriptorum
2495 873 2600 917 satis

220 947 343 987 certo
363 940 570 984 norimus.
641 939 806 1001 (XVI)
840 941 1000 985 Athen.
1019 942 1113 996 XI,
1134 956 1176 1000 p.
1202 943 1317 987 467.
1344 958 1407 986 c.:
1451 941 1727 993 Παρθένιος
1747 939 1771 983 ὁ
1793 943 1885 982 τοῦ
1907 942 2177 982 Διονυσίου
2204 940 2255 980 ἐν
2278 939 2462 996 πρώτῳ
2484 940 2599 992 περὶ

219 1011 324 1050 τῶν
344 1005 482 1060 παρὰ
502 1012 604 1050 ,τοῖς
624 1010 889 1060 ἱστορικοῖς
906 1011 1091 1054 λέξεων
1108 1009 1436 1062 ζητουμένων
1454 1010 1624 1064 φησίν·
1639 1007 1830 1063 γυάλας
1847 1010 2093 1061 ποτηρίου
2111 1010 2253 1056 εἶδος,
2276 1007 2341 1050 ὠς
2351 1005 2598 1061 Μαρσύας

220 1072 408 1132 γράφει
437 1073 462 1118 ὁ
490 1077 581 1127 ὶερ
595 1073 656 1118 εὐ
670 1089 692 1120 ς
716 1079 822 1119 τοῦ
841 1074 1136 1129 Ἠρακλέο
1149 1092 1180 1120 υ
1194 1090 1227 1127 ς,
1258 1074 1439 1121 οὕτως·
1462 1073 1584 1119 ὅταν
1604 1076 1726 1133 εἰσίῃ
1747 1074 1772 1120 ὁ
1790 1075 2023 1130 βασιλεύς
2044 1077 2109 1119 είς
2128 1074 2219 1126 τήν
2237 1073 2396 1128 πόλιν,
2417 1086 2597 1120 συναν·

219 1146 312 1197 τᾶν
332 1145 479 1186 οἴνου
495 1141 662 1199 πλήρη
684 1142 883 1201 γυάλαν
894 1143 1074 1199 ἔχοντά
1092 1158 1237 1195 nra,
1258 1143 1347 1189 τὸν
1368 1140 1419 1187 δὲ
1439 1142 1670 1201 λαβόντα·
1685 1145 1924 1190 σπένδειν.
1975 1146 2047 1190 De
2057 1145 2340 1189 Macedonica
2362 1146 2470 1189 urbe
2489 1144 2596 1189 haec

220 1212 391 1257 narrari
409 1227 496 1256 non
515 1220 681 1257 temere
697 1214 929 1258 coniicitur
946 1230 1001 1258 ex
1021 1215 1219 1273 Etymol.
1238 1215 1302 1258 Μ.
1320 1230 1364 1272 p.
1385 1215 1503 1268 243,
1537 1219 1612 1259 13.
1650 1210 1837 1268 γύαλος
1860 1213 1988 1255 εἶδος
2007 1216 2253 1265 ποτηρίου
2273 1211 2410 1264 παρὰ
2430 1214 2594 1253 Μακε-

218 1278 379 1329 δόσιν,
418 1296 499 1339 pro
520 1281 678 1339 quibus
696 1282 949 1340 Hesychius
970 1283 1012 1337 I,
1040 1299 1084 1341 p.
1107 1286 1221 1330 865.
1259 1278 1447 1338 γυάλας
1467 1279 1591 1340 (cod.
1613 1279 1826 1342 γυλλας)
1854 1281 1982 1325 εἶδος
2001 1283 2249 1333 ποτηρίου
2272 1278 2410 1333 παρὰ
2427 1281 2593 1323 Μακε-

218 1344 355 1391 δόσιν
376 1346 603 1408 (Μωιεδό
611 1363 712 1391 νων
730 1347 856 1409 cod.)
925 1351 991 1394 Ac
1009 1350 1258 1395 sacerdotes
1273 1349 1455 1409 quidem
1474 1350 1672 1394 novimus
1688 1350 1936 1408 complures
1951 1350 2187 1408 scriptores
2205 1352 2414 1400 Graecos.
2487 1348 2595 1393 Pel-

216 1417 360 1463 laeum
381 1423 530 1460 autem
546 1417 770 1476 Marsyam
785 1448 798 1471 ‚
836 1417 929 1461 ludi
948 1419 1210 1477 magistrum
1230 1418 1508 1477 eundemque
1527 1418 1684 1462 ducem
1708 1419 1905 1462 navalem
1924 1448 1936 1470 ‚
1970 1418 2043 1460 vix
2070 1419 2156 1461 erit
2184 1419 2260 1475 qui
2286 1418 2418 1461 etiam
2446 1432 2593 1461 sacer-

216 1485 337 1528 dotio
362 1500 531 1543 augere
559 1487 754 1529 animum
782 1486 1010 1557 inducam·
1045 1487 1258 1530 Ceterum
1283 1486 1755 1544 Parthenii‘magister
1785 1486 1859 1529 ille
1879 1486 2119 1544 Dionysius
2136 1486 2300 1530 Suidae
2319 1493 2504 1543 quartus
2525 1493 2594 1530 est

216 1554 333 1598 inter
351 1554 661 1612 cognomines,
694 1554 1019 1599 Alexandrinus
1037 1554 1213 1614 quidem
1227 1586 1242 1609 ,
1276 1571 1303 1600 a
1318 1556 1500 1600 Nerone
1520 1554 1579 1599 ad
1597 1555 1838 1599 Traianum
1851 1553 2015 1599 clarus:
2053 1553 2138 1597 vid.
2163 1554 2340 1601 Fabric.
2367 1554 2485 1598 Bibl.
2507 1556 2590 1598 Gr.

214 1622 300 1675 IV,
317 1637 360 1679 p.
372 1622 630 1667 309.Harl.
800 1623 947 1681 Ipsius
962 1630 1055 1668 tum
1073 1624 1327 1681 argumenti
1341 1630 1436 1667 tum
1452 1623 1538 1668 loci
1555 1623 1770 1668 affinitate
1784 1630 1874 1667 tam
1889 1623 2123 1667 coniuncta
2136 1637 2237 1667 cum
2257 1618 2453 1677 γυάλου
2471 1637 2592 1666 com-

213 1691 529 1734 memoratione
548 1690 655 1735 haec
672 1697 775 1734 sunt
796 1688 988 1751 (XVII)
1012 1692 1172 1736 Athen.
1189 1692 1277 1746 XI,
1295 1708 1339 1750 p.
1356 1693 1471 1736 477.
1506 1706 1548 1735 a.
1569 1688 1817 1743 Μαρσύας
1836 1687 1982 1747 δὲ(τὸ
2004 1686 2264 1743 κισσύβιον
2286 1690 2411 1732 εἶναι
2433 1688 2592 1749 λέγει)

214 1753 464 1799 κύπελλον
483 1760 566 1799 καὶ
587 1755 644 1800 τὸ
663 1754 873 1802 ξύλινον
890 1755 1152 1812 ποτήριον,
1191 1767 1236 1804 et
1256 1757 1475 1820 (XVIII)
1502 1758 1608 1803 ibid.
1629 1775 1673 1818 p.
1694 1761 1808 1805 479.
1828 1776 1868 1803 c.
1886 1754 2134 1810 Μαρσύας
2155 1757 2205 1800 δέ
2229 1769 2351 1813 φησι
2373 1755 2428 1801 τὸ
2449 1757 2501 1799 ἐν
2520 1760 2610 1819 τῷ·

215 1824 355 1879 ἰσχίῳ
376 1826 561 1868 ὀστοῦν
582 1827 839 1870 καλεῖσθαι
855 1824 1053 1870 ἄλεισον
1070 1829 1154 1870 καὶ
1177 1823 1381 1875 κύλικα,
1419 1834 1469 1871 ut
1487 1843 1718 1872 vereamur
1734 1843 1790 1872 ne
1810 1827 1866 1872 de
1891 1827 2184 1885 grammatico
2203 1827 2381 1885 Marsya
2400 1827 2589 1871 inconsi-

214 1891 408 1938 deratius
425 1894 865 1954 Schweighaeuserus
878 1896 1101 1955 cogitarit.
1170 1887 1281 1946 Quis
1305 1895 1422 1941 enim
1451 1910 1613 1955 quaeso
1639 1911 1695 1940 ex
1713 1895 2008 1940 Macedonicis
2026 1895 2169 1953 ipsum
2188 1895 2299 1939 illud
2319 1895 2375 1939 de
2400 1892 2590 1950 γύαλος

213 1963 511 2006 testimonium
530 1964 798 2022 repetiturus
815 1971 950 2019 esset,
990 1964 1072 2008 nisi
1090 1964 1273 2008 fortuito
1290 1971 1461 2009 servata
1477 1965 1867 2023 grammaticorum
1886 1964 2187 2008 notatiuncula
2204 1965 2300 2008 eius
2317 1979 2420 2007 cum
2441 1964 2589 2007 Mace-

212 2030 379 2075 donicis
399 2033 729 2091 antiquitatibus
746 2033 1020 2077 necessitudo
1035 2038 1384 2078 monstraretur?
1430 2034 1529 2092 quis
1547 2034 1668 2078 velut
1693 2030 1904 2075 τελεσιάς
1934 2048 2093 2077 nomen
2122 2032 2203 2091 (fr.
2220 2032 2304 2090 V.)
2330 2033 2587 2091 simpliciter

211 2098 392 2143 allatum
416 2107 673 2159 assequatur
696 2116 784 2159 quo
815 2116 934 2145 nexu
961 2102 1155 2160 potuerit
1180 2102 1461 2146 historiarum
1483 2101 1604 2146 libris
1632 2102 1845 2146 insertum
1866 2101 2030 2146 fuisse?
2100 2100 2190 2145 Sed
2209 2108 2360 2145 tamen
2375 2108 2424 2145 ut
2443 2115 2498 2145 ex
2518 2100 2585 2144 his

211 2166 457 2226 largiamur
474 2184 553 2213 sua
572 2184 659 2213 non
673 2168 865 2214 hausisse
881 2169 1155 2214 Athenaeum
1167 2202 1180 2226 ,
1214 2170 1437 2229 Marsyam
1457 2177 1678 2215 memento
1697 2167 1842 2222 ἕτερά
1862 2183 1975 2212 τινα
1991 2171 2103 2221 περὶ
2123 2171 2209 2221 τῆς
2229 2169 2355 2211 ίδίας
2374 2169 2585 2220 πατρίας

211 2234 398 2278 edidisse
412 2267 425 2290 ,
460 2237 504 2280 in
529 2237 668 2295 iisque
694 2237 877 2280 fortasse
899 2237 956 2281 de
979 2238 1173 2282 moribus
1192 2239 1454 2282 institutisve
1471 2239 1730 2296 quibusdam
1747 2237 2038 2282 Macedonum
2060 2237 2337 2281 miscellaneo
2362 2238 2436 2279 illo
2464 2251 2585 2280 com·

210 2304 436 2348 mentandi
452 2320 620 2367 genere
636 2320 887 2364 quanquam
913 2321 1000 2350 non
1023 2307 1364 2364 grammaticum
1389 2308 1666 2365 exposuisse,
1700 2306 1825 2351 cuius
1839 2307 2075 2364 scriptores
2095 2306 2271 2364 plurimi
2290 2321 2344 2349 ex
2366 2305 2585 2363 peripate-

209 2370 397 2415 ticorum
417 2373 573 2418 scholis
589 2373 864 2432 prodierunt.
947 2413 949 2415 .
1034 2373 1163 2419 Idem
1182 2375 1329 2419 valere
1347 2374 1433 2418 huc
1449 2381 1594 2432 potest
1607 2406 1620 2429 ,
1654 2374 1773 2434 quod
1794 2373 1953 2434 (xlx.
1972 2373 2090 2433 XX)
2110 2389 2136 2418 a
2160 2374 2307 2417 Plinio
2326 2374 2370 2416 in
2389 2372 2583 2416 elenchis

209 2443 434 2484 anctorum
452 2445 729 2486 externorum
744 2443 842 2486 libri
862 2442 974 2486 XII.
991 2449 1037 2486 et
1053 2443 1193 2487 XIII.
1213 2442 1440 2487 Naturalis
1456 2442 1680 2497 historiae,
1715 2444 1871 2502 quibus
1886 2443 2007 2487 libris
2025 2442 2080 2486 de
2100 2450 2257 2486 natura
2278 2443 2487 2485 arborum
2506 2456 2585 2499 pe-

208 2509 488 2566 regrinarum
512 2512 688 2570 agitur,
723 2527 767 2570 p.
789 2515 869 2558 50.
893 2515 974 2557 53.
999 2511 1095 2556 Sill.
1115 2512 1332 2570 Marsyas
1348 2511 1540 2556 Macedo
1558 2512 1759 2571 ponitur:
1794 2512 1874 2555 nisi
1893 2510 2096 2571 quidem,
2129 2510 2248 2568 quod
2274 2510 2585 2569 amplectimur

208 2574 436 2634 libentius,
470 2579 516 2624 id
536 2595 680 2640 genus
697 2595 847 2625 rerum
874 2580 1133 2625 enarrandis
1152 2580 1393 2626 Alexandri
1413 2580 1475 2624 M.
1504 2581 1550 2625 in
1578 2581 1759 2625 orientis
1778 2587 1926 2640 partes
1942 2579 2295 2638 expeditionibus
2315 2579 2586 2625 intexuerat.

297 2647 411 2691 'Nec
438 2663 543 2693 vero
568 2650 672 2693 satis
697 2664 875 2693 caussae
903 2647 1074 2711 (XXI)
1099 2649 1351 2709 Hesychius
1367 2650 1571 2709 praebet,
1603 2663 1686 2693 cur
1701 2665 1802 2693 cum
1820 2648 2025 2693 Fabricio
2053 2647 2170 2691 Bibl.
2190 2651 2273 2691 Gr.
2292 2649 2376 2702 VI,
2407 2663 2451 2706 p.
2467 2652 2583 2693 372.

205 2715 250 2757 in
269 2718 659 2772 grammaticorum
678 2733 909 2762 numerum
926 2717 1127 2778 Marsyas
1146 2719 1388 2773 reseratur,
1421 2719 1658 2762 testimonii
1684 2733 1836 2762 caussa
1854 2718 2072 2762 excitatus
2097 2724 2275 2775 praeter
2302 2718 2407 2762 satis
2427 2718 2584 2761 obscu-

206 2797 298 2826 ram
325 2784 515 2841 glossam
545 2787 632 2831 vol.
653 2787 721 2841 11,
755 2803 798 2845 p.
828 2788 995 2840 1445„
1031 2788 1077 2831 in
1102 2803 1235 2845 quam
1265 2789 1351 2833 iam
1381 2802 1467 2831 non
1495 2794 1621 2831 vacat
1646 2787 1893 2844 inquirere,
1936 2785 2070 2831 etiam
2097 2785 2297 2845 (XXII)
2332 2802 2375 2845 p.
2413 2791 2584 2831 1219.:

204 2846 533 2893 Σκότιος·--
552 2852 672 2897 τούς
690 2852 788 2909 γὰρ
816 2851 883 2908 μή
904 2853 957 2895 ἐκ
986 2857 1232 2909 φανερᾶς,
1270 2855 1515 2907 λαθραίας
1532 2851 1582 2896 δὲ
1603 2853 1786 2907 μίξεως
1806 2850 2078 2909 γεγονότας
2098 2854 2327 2897 σκοτίους
2348 2850 2581 2898 ἐκάλουν,

204 2917 325 2960 ἔνιοι
342 2922 700 2979 παρθεν[ί]ους,
739 2920 882 2965 α”λλοι
904 2925 1214 2974 κοριναίους,
1252 2921 1475 2975 καθάπερ
1504 2920 1749 2974 Μαρσύας
1776 2922 1829 2964 ἐν
1857 2924 1917 2978 τῇ
1944 2918 2092 2964 Ἰάδιι
2119 2938 2232 2981 quae
2252 2923 2453 2980 sequitur
2469 2936 2582 2966 nova

203 2985 350 3043 glossa
369 2986 686 3036 Σκοτοδινιᾶ.
739 2992 864 3042 Quae
881 2991 916 3036 si
936 2991 1073 3037 codex
1091 2999 1280 3048 teneret,
1314 2993 1396 3038 etsi
1415 2991 1605 3037 dubitari
1624 2990 1680 3037 de
1697 2991 1943 3051 scripturae
1960 2991 2219 3050 integritate
2235 2998 2397 3049 posset,
2431 2998 2579 3036 tamen

204 3068 291 3099 non
308 3055 403 3101 sine
421 3059 565 3116 specie
584 3061 677 3105 veri
695 3061 1000 3121 argumentari
1020 3062 1299 3121 grammatici
1314 3061 1496 3107 alicuius
1513 3061 1709 3121 patronis
1727 3060 1897 3106 liceret.
1967 3060 2360 3108 verumenimvero
2385 3075 2412 3104 e
2429 3058 2581 3105 codice

1832 3169 1860 3208 2
