2927 3449
1330 135 1403 195 u

173 338 367 399 quinquo
386 336 508 381 libris
524 334 691 393 aliquot
701 332 880 378 nucula
893 332 1099 388 him-iae
1110 332 1423 386 Macedonicae
1441 333 1486 377 in
1503 331 1644 391 iisque
1661 333 1882 390 integram
1902 330 2097 391 Philippi
2116 340 2323 387 aetatem,
2355 334 2549 393 quinque

173 413 323 452 autem
344 412 390 451 et
408 402 527 464 qnod
545 402 746 449 excurrit
762 401 860 448 aliis
874 400 1072 461 singulos
1090 401 1285 462 quinque
1299 416 1437 447 annos
1454 400 1695 448 Alexandri
1714 400 1844 446 fuisse
1861 401 2229 460 comprehensos?
2285 402 2547 463 Quanquam

175 490 234 520 nc
250 474 396 533 potuit
408 470 588 530 quidem
606 470 850 514 ullomodo
865 470 980 524 fieri,
1015 477 1066 515 ut
1082 485 1196 529 quae
1213 476 1261 515 et
1274 477 1483 521 essentet
1495 471 1837 514 inscriberentur
1854 470 2154 523 Macedonica,
2181 470 2333 514 eadem
2353 469 2414 511 τά
2434 475 2547 523 περὶ

167 541 486 591 Ἀλέξανδρον
505 532 790 593 dicerentur,
834 538 926 583 nisi.
943 539 1007 584 sic
1030 546 1083 583 ut
1108 553 1211 598 pars
1228 544 1398 583 tautum
1418 538 1593 583 illorum
1621 554 1672 583 ea
1691 537 2040 596 significaretur,
2074 553 2188 598 qaae
2205 538 2264 583 ad
2283 540 2421 598 ipsum
2443 540 2546 585 Ale-

175 610 393 656 xandrum
419 606 676 668 pertineret.
745 609 807 653 Vt
822 608 1179 667 igitur-quintum
1199 607 1358 652 librum
1386 609 1489 653 τῶν
1514 609 1627 660 περὶ
1646 607 1965 658 Ἀλέξανδρον
1991 615 2156 652 statuas
2170 607 2389 653 decimum
2415 609 2548 654 fuisse

172 677 512 729 Macedonum»,
547 672 731 735 numqui
749 677 896 735 magis
906 675 1140 730 credibile,
1167 682 1383 735 quattuor
1404 676 1533 721 libris
1561 690 1697 720 unum
1712 706 1726 728 ,
1763 690 1850 719 uno
1873 683 2022 720 antem
2045 683 2255 735 quattuor
2279 692 2419 722 annos
2442 693 2544 736 per-

173 749 416 792 tractatos?
484 745 621 788 Misso
634 745 775 803 igitur
798 744 975 788 Pellaeo
994 744 1123 789 facila
1139 744 1354 802 quispiam
1371 746 1577 789 conficiat
1596 742 2136 801 Philippensisssriptoris
2160 743 2253 788 sive
2272 753 2414 790 totum
2433 761 2547 804 opus

171 815 263 859 sive
280 814 445 872 primos
461 812 596 857 libros
613 812 842 857 minimum
861 813 1059 871 quinquo
1074 811 1220 856 vocari
1239 808 1302 853 τὰ
1321 815 1431 864 περὶ
1447 813 1765 864 Ἁλέξανδρον
1785 811 2128 856 eocommodius
2143 826 2293 870 posse,
2328 813 2446 872 quod
2468 814 2550 861 ille

171 883 398 941 superiora
426 881 719 926 Macedonum
750 881 963 940 tempora
978 896 1038 925 ne
1064 880 1267 940 attigerit
1297 879 1489 939 quidem.
1560 881 1693 940 Atqui
1714 880 1830 925 idem
1852 896 1922 924 res
1937 879 1996 924 ad
2016 887 2222 939 quartum
2244 896 2405 927 annum
2429 883 2547 927 illius

171 950 435 1011 olympiadis
458 955 569 995 111.
599 949 853 995 referendas
879 950 976 996 iam.
986 949 1099 994 libro
1125 949 1268 1009 primo
1296 956 1509 995 tractarat
1541 946 1622 1009 (fr.
1640 947 1727 1010 X).
1809 950 2005 992 Rursum
2025 957 2174 993 autem
2202 949 2445 1009 largiamur
2463 951 2544 995 ali·

172 1020 428 1078 quantisper
449 1034 536 1062 non
562 1016 758 1073 πρώτῃ,
795 1018 874 1063 sed
905 1019 1095 1073 πέμπτῃ
1122 1017 1191 1062 'vel
1216 1033 1523 1077 quemcunque
1543 1034 1776 1063 numerum
1800 1017 1992 1079 yolueris
2017 1017 2244 1076 Euripidis
2268 1020 2549 1066 scholiastam.

171 1087 380 1148 posuisse.
447 1085 521 1133 Ita
532 1085 710 1147 quidem
728 1085 996 1147 intelligisne
1013 1091 1227 1147 quantum
1244 1086 1580 1147 spusMarsyae
1604 1086 1795 1141 tribuas,
1827 1086 1955 1134 cuius
1978 1085 2135 1146 quinto
2163 1085 2275 1131 libro
2301 1088 2540 1135 secundnm

170 1155 343 1217 imperii
367 1169 531 1201 annum
548 1155 789 1203 Alexandri
813 1157 1042 1216 assignes?
1074 1162 1284 1216 tanquam
1302 1156 1577 1216 Theopompi
1603 1156 1832 1215 exemplo,
1865 1169 1995 1214 quem
2015 1169 2119 1200 sane
2134 1156 2333 1205 novimus
2360 1159 2548 1202 totidem>

172 1227 292 1271 libris
320 1225 542 1270 bienniu-
569 1225 806 1283 Philippici
831 1226 962 1284 regni
988 1225 1290 1283 complexu-2
1323 1225 1552 1269 cL-Wich.
1579 1241 1623 1282 p.
1640 1231 1720 1270 26.
1791 1226 1873 1268 Ex.
1892 1231 2042 1267 tantae
2067 1231 2215 1267 autem
2242 1227 2545 1283 amplitudinis

171 1292 497 1340 commentariis
521 1292 876 1338 luculentissimis
887 1299 1075 1352 practer
1093 1293 1358 1351 paucissima
1371 1293 1598 1352 ‹qnacdam
1624 1300 1670 1338 et
1698 1292 1950 1338 tenuissima
1976 1291 2161 1337 frustula
2191 1293 2293 1337 nibil
2318 1303 2539 1342 servatum

170 1378 265 1407 esse
283 1360 436 1407 credat
461 1362 537 1420 qui
557 1367 714 1420 potest.
783 1360 1177 1409 Verumenimvero
1201 1361 1359 1414 andire
1382 1361 1583 1406 videmur
1606 1370 1759 1406 contra
1786 1361 2097 1419 disputantem.
2177 1362 2295 1412 Quid
2314 1363 2434 1407 enim
2449 1396 2461 1415 ,
2504 1366 2546 1409 si

171 1445 386 1477 annorum
409 1428 830 1491 ordine-descriptas
854 1444 1102 1488 regumque
1130 1430 1402 1474 successione
1425 1429 1655 1488 dispositas
1675 1429 1965 1473 Macedonum
1992 1428 2194 1473 historias
2220 1445 2276 1474 ne
2291 1431 2541 1477 condiderit

172 1498 349 1557 quidem
373 1498 487 1542 alter
513 1498 738 1556 Marsyas,
770 1497 854 1541 sed
874 1498 1094 1542 variarum
1119 1512 1279 1553 rerum>
1294 1497 1352 1541 ad
1379 1498 1685 1557 antiquitates,
1720 1512 1887 1548 mores,
1921 1497 2118 1541 instituta
2135 1497 2416 1542 Macedonica
2441 1515 2539 1558 spe·

170 1567 384 1612 ctantium
401 1566 671 1625 farraginem
686 1565 922 1612 autlibero
938 1565 1094 1610 ordine
1111 1572 1190 1610 aut
1211 1576 1428 1624 generum
1447 1564 1726 1624 quorundam
1741 1564 1995 1609 discrimine
2012 1564 2284 1622 dispertitam
2304 1582 2539 1625 congesse-

170 1636 260 1680 rit?
310 1635 427 1680 Nam
447 1634 661 1692 profecto,
694 1634 737 1678 si
748 1635 802 1679 ab
818 1633 903 1679 illis
919 1634 1201 1693 fragmentis,
1228 1634 1417 1693 quae-'d
1434 1634 1663 1680 Pellaeum
1684 1634 1953 1687 rettulimus,
1985 1634 2234 1689 recesseris,
2268 1634 2537 1694 reliquorum

169 1702 302 1762 longe
316 1703 505 1748 maxima
524 1718 625 1762 pars
643 1701 737 1748 fere
751 1702 946 1748 seiuncta
961 1718 1056 1748 esse
1071 1703 1126 1747 ab
1146 1702 1336 1761 ipsarum
1358 1718 1505 1748 rerum
1521 1710 1745 1762 gestarum
1769 1702 2039 1760 expositione
2060 1703 2218 1760 potuit,
2253 1719 2304 1748 ac
2324 1704 2390 1748 vel
2413 1705 2538 1759 illud,

168 1772 285 1830 quod
303 1773 357 1815 ab
377 1771 500 1815 initio
521 1772 741 1828 posuimus
769 1769 891 1831 (X),
926 1787 1012 1815 non
1033 1771 1174 1829 magis
1191 1779 1373 1829 propter
1389 1771 1738 1830 Alexandriper
1757 1772 1902 1814 Asiam
1931 1770 2232 1827 expeditiones
2250 1772 2388 1816 videri
2405 1783 2537 1832 queat

170 1841 217 1884 in
236 1839 449 1884 eiusmodi
468 1839 753 1883 miscellaneis
769 1839 1093 1883 commentariis
1113 1839 1256 1883 locum
1277 1839 1506 1894 invenisse,
1527 1854 1656 1898 quam
1675 1846 1857 1898 propter
1873 1838 2142 1896 singularem
2161 1855 2213 1883 ac
2233 1841 2384 1883 miram
2406 1857 2536 1900 quam

170 1923 251 1966 per
270 1924 316 1952 se
333 1907 527 1952 Gordius
543 1907 618 1951 ille
636 1907 776 1950 nodus
794 1907 1088 1951 conditionem
1108 1907 1271 1950 habuit.
1340 1908 1508 1951 Contra
1532 1922 1645 1965 quae
1674 1908 1866 1950 breviter
1890 1907 1977 1949 dici
2006 1914 2163 1963 potest.
2233 1909 2391 1961 Obstat
2421 1912 2538 1953 enim

169 1976 287 2023 idem
306 1975 379 2020 ille
395 1970 623 2034 Euripidis
642 1974 896 2031 scholiasta,
929 1976 1152 2034 Marsyam
1169 1981 1416 2030 antestatus„
1436 1974 1488 2017 ἐν
1513 1976 1571 2030 τῇ
1591 1972 1762 2030 πρώτῃ
1799 1987 1825 2015 τ
1840 1975 1877 2016 οὗ
1893 1988 1919 2014 ν
1961 1974 2050 2014 Ma
2064 1987 2091 2015 κ
2105 1988 2125 2016 ε
2138 1975 2166 2015 ὃ
2179 1972 2203 2017 ό
2219 1991 2244 2015 ν
2258 1990 2297 2017 ω
2310 1991 2337 2016 ν
2376 1979 2432 2020 ὶσ
2445 1992 2470 2018 τ
2484 1994 2507 2020 ο
2519 2006 2535 2012 -

172 2047 348 2098 pic-37,
387 2045 530 2090 obstat
558 2043 763 2103 loquendi
792 2059 894 2090 usus
920 2051 966 2090 et
992 2044 1197 2089 similium
1223 2043 1492 2103 comparatio
1519 2044 1866 2103 inscriptionum.
1947 2043 2032 2087 Illo
2057 2044 2173 2088 enim
2201 2046 2404 2105 exemplo
2433 2062 2536 2092 con·

170 2114 342 2173 scriptis
358 2113 682 2157 commentariis
698 2112 885 2158 indicem
911 2121 1066 2157 auctor
1086 2113 1259 2156 fecisset
1286 2110 1620 2164 ὑπομνήματα
1648 2114 1714 2155 vel
1745 2110 1993 2162 σύμμικτοι
2014 2113 2080 2153 vel
2107 2128 2220 2169 quae
2249 2123 2351 2157 sunt
2370 2116 2537 2172 reliqua

171 2183 348 2227 nomina
363 2181 558 2225 eiusdem
576 2181 768 2238 generis.
837 2182 995 2239 Itaque
1017 2189 1065 2224 ut
1085 2189 1359 2225 revertamur
1376 2181 1492 2225 unde
1512 2181 1694 2238 profecti
1715 2197 1879 2233 sumus,
1912 2196 2009 2223 cum
2029 2195 2109 2224 nec
2129 2181 2297 2225 Pellaei
2329 2199 2407 2227 nec
2429 2183 2536 2227 Phi-

171 2248 377 2308 lippensis
394 2248 676 2294 Macedonica
695 2248 963 2308 significasse
981 2249 1278 2308 Harpocratio
1303 2248 1343 2293 ν’.
1355 2248 1601 2300 Ἀριστίων
1619 2255 1664 2294 et
1687 2248 1948 2303 Μαργίτης
1966 2248 2115 2306 possit,
2151 2265 2231 2294 nec
2249 2249 2305 2294 ad
2322 2248 2534 2295 Ἀλεξάν-

172 2318 298 2370 δρου
331 2314 539 2374 ἀγωγήν
566 2317 724 2376 prioris
747 2318 971 2376 scriptoris
997 2333 1102 2362 sana
1129 2318 1298 2363 ratione
1326 2318 1492 2362 referre
1521 2334 1573 2362 ea
1603 2318 1753 2371 liceat,
1789 2333 1900 2377 quae
1927 2317 2104 2360 adultus
2122 2318 2370 2363 Alexander
2388 2328 2432 2363 et
2455 2337 2532 2364 rex

169 2386 310 2431 factus
327 2387 617 2445 perpetravit:
652 2386 755 2430 nihil
772 2389 858 2430 iam
877 2386 1074 2431 videmus
1091 2387 1308 2445 reliquum
1328 2403 1446 2440 esse,
1483 2387 1564 2430 nisi
1584 2394 1658 2441 ut,
1694 2402 1806 2445 quae
1823 2386 1980 2430 Suidas
2008 2383 2152 2436 ἕτερά
2179 2401 2287 2427 τινα
2309 2390 2419 2440 περὶ
2450 2391 2535 2440 τῆς

171 2454 298 2497 ἰδίας
318 2457 554 2507 πατρίδος
574 2456 846 2508 memoravit,
882 2456 1223 2515 interpretemur
1242 2463 1288 2500 et
1308 2455 1626 2501 Macedonia-on
1644 2462 1689 2500 et
1709 2455 1903 2500 diversos
1921 2456 1975 2499 ab
1994 2455 2059 2499 his
2078 2454 2394 2501 deAlexandri
2408 2457 2536 2502 rebus

171 2522 318 2569 libros.
371 2524 554 2575 ,Quodsi
572 2525 643 2569 cui
663 2525 824 2568 mirum
845 2523 1070 2579 videatur,
1105 2524 1160 2569 de
1186 2524 1340 2569 eodem
1357 2525 1475 2579 viro,
1509 2526 1564 2569 ab
1590 2525 1715 2568 cuius
1743 2539 1881 2583 regno
1905 2524 2129 2567 universae
2147 2526 2293 2583 gentis
2312 2526 2533 2572 historiam

172 2606 297 2636 orsus
312 2593 392 2647 sit,
427 2608 562 2637 unum
583 2594 839 2652 scriptorem
861 2594 1076 2652 singulari
1095 2602 1323 2652 praeterea
1342 2594 1586 2638 litterarum
1610 2601 1891 2636 monumento
1917 2593 2191 2650 exposuisse,
2225 2595 2308 2638 etsi
2326 2595 2435 2640 hanc
2457 2599 2537 2640 mi-

172 2660 384 2706 rationem
408 2661 599 2706 satemur
619 2677 673 2706 ne
692 2677 717 2706 a
738 2661 860 2705 nobis
880 2661 1058 2721 quidem
1079 2661 1263 2707 alienam
1292 2677 1407 2715 esse,
1443 2662 1699 2719 praesertim
1723 2676 1821 2705 cum
1851 2662 1905 2705 ab
1930 2676 1979 2704 ea
2008 2668 2144 2719 gente
2172 2677 2251 2720 per
2276 2663 2392 2707 illius
2412 2667 2535 2724 regni

170 2730 357 2787 spatium
379 2730 485 2775 nihil
505 2731 615 2785 sere,
650 2731 731 2775 nisi
748 2730 867 2789 quod
884 2730 942 2775 ad
961 2731 1103 2790 ipsum
1121 2747 1274 2791 regem
1292 2731 1549 2790 pertineret,
1584 2731 1865 2775 memorabile
1885 2732 2208 2788 peractumsit:
2243 2732 2375 2777 iidem
2392 2742 2537 2778 tamen

169 2798 532 2856 acquiescendum
551 2814 645 2844 esse
665 2799 711 2843 in
728 2800 793 2844 eis
809 2798 1029 2855 videmus,
1064 2799 1181 2845 ultra
1200 2815 1314 2860 quae
1332 2799 1511 2858 prodire
1536 2800 1643 2843 artis
1661 2799 1769 2843 fines
1792 2805 1954 2843 vetant.
2013 2799 2274 2859 Quanquam
2295 2802 2369 2860 qui
2391 2818 2537 2847 secum

170 2873 347 2921 reputet
373 2867 694 2910 Macedonicam
721 2868 862 2926 primo
888 2868 1000 2912 libro
1022 2867 1078 2912 de
1100 2870 1233 2913 tertio
1258 2874 1468 2927 quartove
1495 2869 1614 2925 regis
1637 2882 1751 2909 anno
1785 2868 1887 2925 agi,
1931 2867 1986 2910 de
2015 2869 2155 2911 altero
2179 2877 2325 2913 autem
2356 2872 2398 2913 in
2429 2872 2536 2913 libro

171 2932 323 2992 quinto
343 2934 557 2980 historiae
571 2936 844 2990 Alexandri,
878 2935 1035 2980 habeat
1054 2951 1159 2981 sane
1180 2936 1299 2995 quod
1315 2936 1431 2980 inter
1447 2942 1684 2995 utrumque
1698 2951 1810 2993 opus
1829 2935 2077 2980 interfuisse
2097 2925 2355 2995 suspicetur.

306 3001 375 3046 Ad
402 3012 588 3051 mortem
609 3004 849 3051 Alexandri
875 3004 910 3048 si
937 3004 1175 3050 alterutros
1199 3005 1558 3059 commentarios,
1594 3012 1643 3048 ut
1670 3004 1845 3049 videtur
1875 3020 2004 3059 sane,
2039 3005 2237 3064 Marsyas
2264 3006 2537 3065 produxerit.

169 3075 344 3128 oportet
360 3086 461 3118 eum
472 3075 757 3134 magnificum
774 3073 884 3120 illud
902 3080 1160 3134 carpentum
1176 3074 1360 3120 funebre
1377 3074 1592 3135 tetigisse,
1610 3073 1666 3119 de
1685 3088 1772 3133 quo
1782 3074 1909 3119 multi
1920 3081 2021 3118 sunt
2033 3075 2253 3119 Diodorus
2264 3076 2428 3120 XVIII
2434 3109 2444 3125 ,
2459 3083 2535 3123 26.
