2927 3449
329 430 1028 507 'vmvmtsm'rls
1076 445 1644 507 mmARVM
1696 406 2467 509 vnA'rlsmvasls

557 545 901 604 necron
937 546 1048 604 m·
1087 546 1477 606 anA'rvs
1516 545 2265 607 commanomvs

361 1004 510 1076 Inter
525 1032 760 1090 scriptores
779 1031 854 1090 qui
872 1045 943 1076 res
960 1038 1110 1091 gestas
1126 1032 1368 1077 Alexandri
1385 1031 1540 1090 Magni
1559 1031 1718 1076 litteris'
1735 1031 2002 1076 mandarunt
2026 1047 2112 1076 non
2134 1032 2329 1090 ignobile
2353 1031 2534 1089 Marsy
2545 1046 2602 1075 as

224 1104 383 1143 nomeu
404 1099 501 1143 fuit.
554 1100 655 1149 Quo
672 1099 847 1143 nomine
865 1099 941 1157 qui
959 1100 1247 1145 innotuerunt
1257 1100 1501 1159 scriptores
1514 1097 1627 1159 (nou
1647 1106 1715 1143 est
1734 1100 1850 1143 enim
1871 1098 2026 1159 unus),
2054 1100 2110 1144 de
2128 1100 2181 1143 iis
2199 1099 2282 1143 etsi
2302 1099 2451 1144 dedita
2466 1113 2602 1158 opera

225 1169 283 1211 G.
300 1166 340 1210 1.
359 1166 539 1211 Vossius
555 1166 613 1211 de
629 1166 845 1211 historicis
863 1169 1023 1213 Graec.
1040 1167 1083 1223 1,
1116 1183 1213 1228 cap.
1240 1173 1334 1225 10.,
1369 1167 1569 1214 Valesius
1588 1167 1633 1212 in
1654 1168 1925 1227 Harpocrat.
1952 1184 1992 1213 v.
2014 1164 2152 1223 Λητή
2164 1200 2179 1224 ,
2215 1166 2534 1227 Wesselingius
2554 1167 2599 1212 in

224 1233 410 1280 Diodor⁴.
429 1235 540 1290 XX,
572 1251 669 1294 cap.
691 1240 770 1283 50.
798 1241 848 1292 et
862 1235 1303 1296 Schweighaeuserus
1319 1238 1365 1281 in
1382 1237 1541 1281 Athen.
1560 1235 1704 1281 Indic.
1721 1237 1872 1295 script.
1893 1253 1936 1296 p.
1964 1243 1984 1281 1
1996 1239 2075 1283 43.
2095 1252 2160 1296 sq.
2178 1237 2462 1281 commentati
2481 1243 2601 1291 sunt,

223 1302 372 1348 tamen
387 1303 516 1364 plura
531 1318 664 1362 quam
681 1309 908 1363 exspectes
923 1303 1026 1349 sunt
1040 1304 1210 1360 relicta,
1235 1320 1350 1364 quae
1366 1305 1436 1349 vel
1447 1304 1618 1363 plenius
1635 1304 1722 1349 dici
1740 1305 1809 1349 vel
1826 1306 1990 1350 rectius
2006 1312 2052 1350 et
2067 1305 2269 1351 subtilius
2282 1321 2409 1364 posse
2420 1304 2599 1349 videan-

223 1377 312 1416 tur.
348 1375 413 1417 Ac
428 1372 793 1431 proficiscendum
808 1372 855 1415 in
870 1371 952 1417 hac
960 1387 1137 1433 quoque
1153 1374 1408 1432 quaestione
1424 1379 1491 1417 est
1501 1373 1556 1418 ab
1568 1371 1731 1417 Suidae
1743 1374 1971 1428 memoria,
1998 1374 2074 1433 qui
2095 1373 2201 1419 haec
2221 1373 2417 1432 prodidit
2432 1373 2517 1417 vol.
2528 1373 2598 1428 11,

223 1457 265 1499 p.
290 1445 405 1488 503.
422 1439 626 1486 editionis
643 1441 966 1486 Kuesterianae
981 1439 1108 1500 (uam
1127 1441 1463 1486 Gaisfordianae
1479 1441 1731 1499 exemplum
1751 1441 1994 1499 lugendum
2019 1440 2087 1485 est
2105 1457 2209 1485 sane
2233 1443 2278 1486 in
2296 1442 2376 1486 hac
2397 1443 2508 1485 urbe
2525 1441 2597 1484 lit-

224 1509 484 1553 teratissima
504 1509 674 1553 nullum
694 1507 928 1568 reperiri):

307 1594 497 1646 Μαρσύας
510 1595 762 1645 Περιάνδρου,
790 1600 984 1644 Πελλαῖος,
1013 1595 1206 1645 ἱστορικός.
1235 1594 1346 1637 οὗτος
1361 1595 1401 1635 δὲ
1422 1592 1472 1645 ἦν
1492 1596 1678 1645 πρότερον
1693 1596 2121 1646 γραμματοδιδάσκαλος,
2145 1598 2209 1636 καὶ
2226 1598 2387 1644 ἀδελφὸς
2397 1596 2599 1645 Ἀντιγόνου

422 1656 493 1692 τοῦ
511 1654 607 1701 μετὰ
618 1658 738 1692 ταῦτα
750 1653 1053 1701 βασιλεύσαντος,
1082 1653 1293 1701 σύντροφος
1306 1654 1347 1704 δὲ
1356 1652 1593 1701 Ἀλεξάνδρου
1612 1656 1681 1691 τοῦ
1708 1656 1793 1700 (τοῦ
1807 1653 2042 1692 Μακεδόνων
2057 1656 2227 1701 Eudoc.)
2255 1654 2439 1704 βασιλέως.
2454 1653 2598 1703 ἔγραψε

423 1712 669 1750 Μακεδονικὰ
693 1711 736 1750 ἐν
756 1711 908 1760 βιβλίοις
928 1710 1039 1758 δέκα,
1065 1708 1207 1759 ἤρξατο
1226 1710 1268 1750 δὲ
1285 1708 1361 1750 άπὸ
1383 1713 1453 1748 τοῦ
1469 1710 1620 1758 κρότου
1642 1710 1930 1759 βασιλεύσαντος
1943 1710 2179 1749 Μακεδόνων
2193 1712 2256 1749 καὶ
2285 1713 2447 1757 (excidit
2461 1710 2598 1759 προῄει

423 1770 488 1805 vel
506 1771 694 1815 προῆλθε)
725 1767 831 1816 μέχρι
851 1769 918 1813 τῆς
933 1765 1169 1815 Ἀλεξάνδρου
1183 1770 1254 1805 τοῦ
1269 1769 1459 1806 Φιλίππου
1478 1766 1542 1805 ἐπὶ
1560 1766 1632 1815 τὴν
1647 1769 1798 1816 Συρίαν
1826 1767 1969 1815 ἐφόδου
1986 1766 2081 1815 μετὰ
2095 1767 2166 1816 τὴν
2185 1768 2454 1816 Ἀλεξανδρείας
2468 1771 2595 1806 κτίσιν·

419 1822 553 1862 Ἀττικὰ
567 1823 609 1863 ἐν
622 1825 774 1873 βιβλίοις
790 1822 851 1872 ιβ’,
878 1824 943 1861 καὶ
956 1823 1077 1861 aare&
1091 1827 1161 1862 τοῦ
1174 1822 1410 1871 Ἀλεξάνδρου
1425 1822 1586 1871 ἀγωγήν.

306 1900 494 1949 Μαρσύας
511 1899 782 1951 Κριτοφὴμου,
812 1902 1036 1949 Φιλιππεύς,
1066 1900 1250 1951 ἱστορικὸς
1263 1902 1284 1941 ὁ
1306 1901 1498 1950 νεώτερος.

304 1978 492 2030 Μαρσύας
506 1980 690 2029 Μάρσου,
722 1978 911 2030 Ταβηνός,
935 1978 1134 2029 ἱστορικός.
1163 1979 1331 2029 ἔγραφεν
1345 1980 1606 2031 ἀρχαιολογίαν
1622 1979 1663 2019 ἐν
1677 1981 1829 2029 βιβλίοις
1847 1979 1908 2030 ιβ’,
1941 1981 2087 2028 μυθικὰ
2104 1981 2145 2019 ἐν
2159 1983 2313 2031 βιβλίοις
2330 1980 2371 2032 ζ’,
2405 1982 2468 2019 καὶ
2486 1981 2596 2028 ἕτερά

309 2038 315 2043 ”
422 2052 505 2076 τινα
523 2040 612 2085 περὶ
628 2041 695 2085 τῆς
714 2040 809 2076 ἰδίας
821 2039 1011 2085 πατρίδος.

222 2118 278 2162 In
297 2116 363 2162 his
383 2118 455 2162 vix
477 2133 741 2177 quemquam
770 2117 912 2177 fugiat
929 2117 1201 2176 aliquantum
1225 2133 1320 2163 esse
1338 2119 1586 2162 turbatum:
1621 2118 1796 2161 tametsi
1823 2118 1931 2161 nihil
1955 2118 2167 2162 eiusmodi
2197 2118 2266 2162 vel
2287 2119 2467 2162 Vossius
2493 2119 2594 2162 sub-

219 2185 428 2230 odoratus
453 2193 521 2230 est
549 2187 618 2231 vel
648 2186 867 2245 professus
892 2185 1347 2245 Schweighaeuserus.
1413 2178 1536 2231 Nam
1557 2186 1629 2230 cui
1658 2202 1745 2230 non
1765 2186 1926 2229 mirum
1968 2187 2075 2229 illud
2100 2187 2294 2239 accidat,
2329 2186 2447 2244 quod
2466 2203 2492 2229 e
2514 2187 2594 2228 tri-

218 2255 300 2297 bus
318 2268 467 2297 rerum
486 2255 770 2314 scriptoribus
787 2253 1121 2312 cognominibus
1139 2268 1254 2298 unus
1270 2253 1434 2299 dicitur
1453 2250 1479 2295 ὁ
1501 2249 1773 2307 νεώτερος.)
1825 2254 1926 2305 Quo
1943 2253 2113 2300 aceedit
2125 2287 2137 2309 ‚
2173 2253 2290 2313 quod
2309 2270 2460 2299 eorum
2481 2270 2595 2313 quae

218 2338 244 2366 a
263 2321 401 2368 Suida
427 2330 664 2368 narrantur
680 2321 998 2381 propemodum
1017 2323 1212 2367 omnium
1231 2323 1350 2381 apud
1367 2322 1559 2381 reliquos
1576 2323 1848 2382 antiquitatis
1871 2323 2106 2381 scriptores
2135 2323 2302 2367 nullum
2328 2330 2499 2367 certum
2519 2338 2593 2367 ve-

220 2391 402 2450 stigium
419 2397 565 2437 exstat
584 2399 762 2451 praeter
781 2392 999 2449 Marsyae
1013 2393 1195 2435 maioris
1211 2387 1552 2446 Μακεδονικά,
1585 2390 1663 2434 sed
1683 2393 1839 2450 quibus
1855 2392 2095 2435 certissima
2114 2391 2326 2435 accedant
2350 2392 2484 2435 etiam
2512 2394 2593 2434 mi—

220 2461 341 2502 noris
359 2460 578 2518 Marsyae
596 2459 960 2501 Μακεδονικῶν
986 2459 1247 2504 testimonia.
1304 2459 1403 2508 Qua
1425 2474 1474 2502 re
1494 2475 1596 2503 cum
1616 2460 1757 2518 magis
1775 2460 1905 2502 etiam
1926 2466 2125 2516 suspecta
2144 2459 2358 2502 reddatur
2376 2460 2495 2503 tertii
2512 2459 2594 2502 ali-

220 2528 345 2571 cuius
363 2529 562 2584 societas,
596 2535 691 2572 tum
709 2526 924 2572 dubitatio
941 2527 1049 2572 haec
1070 2528 1228 2582 oritur,
1263 2542 1368 2571 num
1388 2525 1569 2571 Suidam
1588 2528 1681 2572 veri
1699 2528 1802 2575 satis
1818 2527 1875 2570 sit
1891 2526 2030 2570 simile
2058 2527 2186 2569 unius
2204 2534 2376 2569 tantum
2396 2529 2590 2571 auctoris

220 2595 502 2640 Macedonica
519 2603 964 2641 commemoraturum
982 2596 1128 2640 fuisse.
1196 2597 1375 2639 Horum
1395 2594 1562 2653 aliquid
1584 2596 1766 2639 sensisse
1790 2594 2011 2648 Valesius,
2046 2594 2144 2651 plus
2161 2594 2337 2638 videtur
2354 2595 2594 2639 Wesselin-

220 2663 345 2720 giusz
378 2679 567 2722 quorum
592 2665 667 2709 ille
697 2664 782 2707 duo
801 2664 943 2722 inquit
964 2664 1182 2722 Marsyae
1189 2661 1352 2719 suere,
1386 2663 1500 2706 alter
1523 2663 1771 2708 Periandri
1781 2662 1917 2721 filius
1944 2662 2262 2716 Pellaeus,-·-
2300 2664 2416 2707 alter
2440 2663 2600 2707 Marsi

212 2730 371 2788 filius,
404 2747 537 2791 quem
565 2732 743 2792 quidem
780 2728 1028 2786 Ταβιηνόν
1055 2748 1150 2778 esse
1178 2747 1259 2792 pro
1277 2733 1458 2778 Tabeuo
1482 2732 1577 2777 vult
1595 2732 1638 2776 h.
1657 2748 1697 2776 e.
1718 2735 1869 2775 natum
1889 2729 2046 2775 Tabiis
2075 2734 2122 2775 in
2137 2732 2326 2776 Galatia
2337 2749 2359 2784 ;
2393 2733 2462 2777 bic
2488 2749 2595 2777 vero

223 2799 308 2842 duo
331 2800 393 2844 ait
404 2799 599 2856 suerunt
625 2802 843 2859 Marsyae
870 2815 1017 2844 rerum
1041 2801 1432 2846 Macedonicarum
1453 2803 1719 2859 scriptores,
1753 2801 1867 2845 alter
1897 2799 2020 2844 domo
2051 2801 2256 2846 Pellaeus
2277 2801 2525 2846 Periandri
2529 2800 2596 2858 s.,

223 2867 339 2911 alter
352 2869 657 2927 Philippensis
672 2868 1014 2928 Critopleemis„
1049 2886 1180 2929 quem
1198 2868 1288 2914 τὸν
1306 2867 1551 2921 νεώτερον
1568 2870 1797 2928 intelligit:
1831 2876 1991 2913 neuter
2008 2870 2250 2914 rationibus
2265 2871 2474 2930 expositis
2491 2885 2597 2916 suae

222 2937 487 2992 sententiae,
522 2939 680 2997 quibus
696 2940 801 2997 quid
827 2946 903 2983 aut
924 2938 1195 2998 Philippensi
1213 2946 1290 2984 aut
1302 2940 1490 2995 VTabeno
1510 2939 1637 2984 fieret
1654 2938 1910 2997 explicaret.
1983 2939 2176 2996 Propior
2192 2946 2339 2983 autem
2359 2938 2416 2982 ad
2435 2939 2597 2983 verita-

221 3013 311 3049 tem
330 3006 611 3065 Wesselingii
629 3023 780 3052 sensus
795 3008 899 3051 suits
932 3006 1051 3067 quod
1065 3008 1127 3051 ita
1144 3008 1247 3052 licet
1264 3008 1542 3061 confirmare,
1567 3014 1616 3050 ut
1636 3014 1824 3065 nequeat
1842 3013 1997 3051 contra
2015 3006 2115 3051 dici.
2178 3005 2308 3065 Apud
2325 3007 2597 3065 Stephanum

221 3073 338 3121 enim
367 3073 634 3132 Byzantium
660 3076 766 3121 haec
792 3077 1005 3135 leguntur
1032 3092 1072 3120 v.
1102 3073 1284 3130 Τάβαιε
1320 3072 1459 3118 πόλις
1488 3076 1797 3118 Λυδίας·--
1833 3077 1880 3118 οἱ
1909 3074 1959 3118 δέ
1987 3082 2108 3132 φασι
2139 3072 2228 3118 τόν
2257 3071 2487 3131 Κιβύραν
2513 3076 2610 3117 καὶ

1859 3180 1919 3222 1.
