2927 3449
1477 104 1641 197 s*

298 332 479 386 subeat,
516 332 631 377 inter
656 333 889 375 Ἀτθίδων
912 334 1148 392 scriptores
1168 350 1253 379 non
1277 334 1448 393 saepius
1463 335 1799 380 commemorari
1820 335 2061 394 Marsyam.
2131 335 2392 394 Quanquam
2411 336 2564 382 eadem
2584 353 2689 385 sane

299 400 474 444 miratio
505 402 548 445 in
589 402 760 446 Pellaei
799 399 982 444 Ἀττικά
1017 403 1163 459 cadit,
1210 419 1396 464 quorum
1433 404 1568 449 libros
1595 406 1725 451 xlv.
1760 403 1975 464 (debebat
1999 402 2139 465 XII.)
2181 406 2326 448 me‘moe
2361 405 2506 450 claros
2535 404 2690 461 steine

298 470 507 527 Heynius
533 472 748 515 sentiebat
776 472 820 514 in
849 471 1105 529 Apollodor.
1132 474 1226 526 III,
1262 477 1335 517 14.
1373 489 1416 530 p.
1439 478 1557 519 319.
1747 474 1836 518 Sed
1865 472 2088 516 luculento
2116 473 2366 523 testimonio
2393 473 2690 520 Macedonicis

297 536 404 582 haec
424 538 681 583 tribuuntur
715 537 865 599 (XII)
901 530 1171 599 Harpocrat.
1201 558 1242 585 v.
1271 538 1503 595 Γάληψος
1536 542 1726 602 (rectius
1746 537 2018 601 Γαληψός)·
2055 537 2196 583 πόλις
2226 537 2446 598 Θρᾴκης,
2496 540 2689 597 ὠνομά.

300 608 395 658 σὲη
437 604 488 649 δὲ
532 605 629 650 α’πό
669 604 912 660 Γαλήψου
949 612 1040 651 τοῦ
1082 606 1246 652 Θάσου
1285 611 1369 651 καὶ
1402 612 1490 663 τῆς
1533 610 1778 667 Τηλέφης,
1828 607 1895 652 ὠς
1935 606 2179 661 Μαρσύας
2224 607 2250 652 ὁ
2287 608 2592 663 νεώτερος
2626 610 2689 654 ἐν

299 674 544 730 πέμπτῳ
581 675 851 737 (ἐνπέμποᾰ
875 678 999 737 cod.)
1035 679 1498 720 Μακεδονικῶν.
1572 681 1689 724 Nam
1716 694 1853 738 aegre
1880 679 2139 737 perspicias,
2173 693 2255 722 cur
2281 679 2495 723 eiusmodi
2514 679 2687 725 addita-

299 744 480 798 mentis,
515 747 675 803 quibus
693 746 925 804 aliquoties
951 747 1130 789 mutilus
1150 748 1517 804 Harpocrationis
1543 748 1714 792 libellus
1737 764 1822 791 non
1850 747 2225 805 compendifactus
2247 748 2482 807 suppletur
2508 763 2565 792 ex
2594 748 2689 807 ipsa

298 812 516 869 epitoma,
553 822 603 857 ut
630 830 673 872 p.
700 820 812 868 176,
847 820 922 859 16.
966 820 1078 867 178,
1102 816 1178 859 14.
1222 821 1335 868 182,
1360 822 1422 868 7.,
1460 831 1654 874 nuperus
1679 815 1824 860 editor
1853 815 1995 860 locum
2025 815 2282 873 denegarit:
2313 831 2401 873 quo
2425 816 2559 860 etiam
2582 831 2688 875 gra-

300 880 394 922 vius
424 880 505 924 hoc
532 890 623 936 est,
659 882 777 940 quod
804 883 900 925 eius
923 884 1103 940 generis
1129 883 1344 941 quaedam
1373 899 1554 941 prorsus
1580 886 1901 942 praetermisit,
1937 891 1987 927 ut
2009 884 2200 927 Parisini
2222 883 2322 927 libri
2341 883 2452 927 hanc
2474 884 2689 942 glossam-z

301 947 571 998 KopSiAM,
620 945 780 1001 ὄνομα
809 946 1011 1002 κύριον
1052 947 1112 993 ὂν
1138 952 1383 1003 Ἀθηναῖοι
1411 951 1715 994 κατέλευσαν
1742 949 1867 1013 (cod.
1895 950 2213 1012 κατέλυσαν),
2253 948 2378 994 διότι
2410 948 2688 994 ὑπακούειν

297 1014 513 1068 Πέρσαις
548 1019 904 1070 προύτρέπετο.
1113 1020 1156 1063 Ε
1183 1021 1383 1078 proximo
1410 1021 1521 1082 libro
1547 1036 1626 1081 sua
1654 1021 1771 1065 idem
1799 1021 1926 1080 petiit
1962 1019 2139 1080 (XIII)
2185 1022 2409 1078 Harpocr.
2449 1036 2491 1064 v.
2522 1017 2684 1073 Λητή·

292 1080 557 1138 (Υπερίδης
585 1084 714 1128 κατὰ
734 1084 999 1139 Δημάδου.
1036 1085 1173 1141 Λητὴ
1206 1084 1347 1132 πόλις
1373 1088 1472 1130 ἐστὶ
1502 1091 1590 1142 τῆς
1623 1089 1949 1136 Μακεδονίας,
1989 1085 2289 1142 μνημονεύει
2316 1084 2367 1130 δὲ
2394 1086 2550 1140 αὐτῆς
2568 1089 2686 1130 noab

295 1148 438 1194 λάκις
470 1151 717 1206 Μαρσύας
755 1151 780 1197 ὁ
819 1151 1124 1207 νεώτερος
1159 1155 1221 1197 ἐν
1258 1157 1413 1211 ἕκτῳ
1440 1157 1907 1199 Μακεδονικῶν.
1977 1157 2073 1201 Cur
2107 1157 2275 1214 saepe
2310 1155 2393 1201 hoc
2412 1156 2684 1216 potissimum

296 1220 409 1264 libro
432 1222 589 1266 Letam
612 1225 765 1267 urbem
788 1225 1060 1277 memorarit,
1095 1225 1137 1267 in
1160 1232 1282 1268 tanta
1301 1240 1449 1268 rerum
1468 1225 1854 1269 Macedonicarum
1872 1225 2140 1268 obscuritate
2161 1224 2348 1268 divinari
2367 1225 2533 1284 nequit.
2587 1226 2687 1270 Nee

295 1305 350 1333 ex
372 1290 545 1334 adiecto
564 1293 844 1350 Hyperidiae
863 1293 1073 1336 orationis
1092 1294 1342 1336 testimonio
1361 1295 1464 1337 satis
1482 1301 1580 1337 tuto
1597 1293 1653 1338 de
1672 1301 1872 1352 tempore
1891 1294 2190 1338 coniecturam
2219 1284 2373 1347 facias,
2408 1293 2490 1337 etsi
2520 1294 2685 1338 Dema·

297 1357 397 1402 dem
417 1360 578 1403 scimus
595 1361 711 1404 circa
741 1360 814 1404 Ol.
843 1366 954 1405 110.
981 1361 1149 1405 exitum
1180 1361 1236 1405 ad
1265 1362 1579 1419 rempublicam
1608 1363 1864 1417 accessisse,
1898 1362 1971 1406 Ol.
1989 1377 2094 1406 vero
2122 1363 2233 1407 114.
2251 1368 2297 1406 et
2322 1361 2462 1406 obisse
2484 1361 2686 1421 Hyperi·

295 1425 396 1471 dem
424 1434 470 1471 et
497 1428 899 1472 vehementissimas
929 1430 1044 1473 inter
1072 1437 1310 1488 utrumque
1337 1430 1585 1474 inimicitias
1614 1431 1845 1474 exarsisse.
1919 1431 2037 1474 Nam
2059 1445 2114 1474 ne
2141 1430 2203 1474 sic
2231 1428 2408 1488 quidem
2430 1429 2529 1488 plus
2548 1429 2684 1488 profi-

293 1495 436 1549 citur,
482 1512 613 1554 quam
632 1497 688 1541 ad
710 1505 910 1555 tempora
930 1499 1045 1541 inter
1074 1499 1145 1542 Ol.
1173 1505 1285 1552 111,
1318 1501 1361 1542 4.
1396 1497 1479 1557 (cf.
1509 1499 1565 1542 fr.
1584 1498 1672 1558 X.)
1706 1506 1752 1543 et
1784 1501 1898 1553 114,
1929 1503 1976 1544 3.
2010 1499 2241 1543 interiecta
2262 1497 2525 1555 pertinuisse
2542 1498 2684 1542 Letae

294 1564 417 1608 urbis
443 1565 728 1611 mentionem.
901 1564 1068 1626 (XIV)
1102 1568 1326 1625 Harpocr.
1356 1583 1396 1610 v.
1420 1567 1725 1623 Ἀμφίπολιςε
1766 1563 2015 1620 Μαρσύας
2050 1567 2089 1608 δ’
2126 1566 2188 1608 ἐν
2222 1566 2686 1608 Μακεδονικαῖς

296 1630 400 1689 (aut
428 1634 595 1678 excidit
624 1635 862 1686 ἱστορίαις
890 1643 968 1678 aut
986 1635 1261 1679 confidenter
1279 1635 1583 1694 reponendum
1605 1634 1994 1695 Μακεδονικοῖς)
2019 1632 2099 1677 διὰ
2130 1631 2185 1677 τὸ
2218 1635 2572 1686 περιοικεῖσθαι
2596 1630 2685 1676 τόν
2730 1642 2747 1653 ·

296 1696 454 1742 τόπον
483 1701 780 1757 Ἀμφίπολιν
819 1700 1108 1755 ὠνομάσθαι
1153 1701 1401 1755 πρότερον
1436 1701 1611 1755 Ἅκραν
1648 1703 1994 1757 καλουμένην.
2045 1702 2076 1755 ἡ
2109 1699 2161 1745 δὲ
2207 1700 2362 1754 ’Apsos
2397 1701 2684 1755 καλουμένη

295 1764 437 1811 πόλις
456 1779 501 1819 «χ-
519 1782 562 1821 «χ-
576 1802 586 1812 .
658 1772 732 1815 Sic
750 1771 857 1815 haec
876 1788 901 1815 e
922 1773 1117 1831 vestigiis
1133 1772 1231 1816 cod.
1251 1773 1462 1816 Cantabr.
1483 1772 1607 1816 acad.
1623 1773 1854 1817 scribenda
1878 1774 1932 1826 *).
2106 1771 2401 1830 Amphipolim
2420 1785 2685 1815 commemo·

296 1837 424 1881 randi
451 1840 534 1883 etsi
564 1840 648 1882 fuit
674 1855 779 1883 sane
805 1840 938 1883 etiam
966 1841 1148 1884 Pellaeo
1167 1842 1372 1899 Marsyae
1390 1841 1636 1899 largissima
1662 1848 1708 1885 et
1734 1841 2040 1900 opportunitas
2057 1847 2104 1884 et
2125 1855 2232 1883 vero
2253 1840 2487 1883 necessitas
2506 1838 2610 1882 inde
2630 1839 2685 1882 ab

295 1906 368 1949 Ol.
392 1913 418 1951 7
427 1912 489 1962 8.,
524 1915 671 1952 tamen
694 1908 908 1966 imprimis
923 1909 1143 1967 copiosam
1162 1910 1257 1954 eius
1274 1910 1394 1953 urbis
1415 1909 1752 1967 descriptionem
1774 1909 1994 1954 exstitisse
2014 1910 2057 1952 in
2078 1908 2373 1967 Philippensis
2390 1906 2686 1952 Macedonicis

294 1973 436 2037 (XV)
471 1977 645 2021 Scholia
668 1978 829 2022 docent
849 1979 1061 2021 Vaticana
1084 1979 1127 2021 in
1148 1979 1307 2037 Eurip.
1329 1978 1464 2022 Rhes.
1487 1980 1604 2024 346.
1631 1979 1776 2023 verbis
1803 1979 1846 2022 in
1874 1977 2026 2022 codice
2051 1977 2414 2036 corruptissimis,
2449 1977 2511 2020 sic
2535 1982 2684 2020 autem

295 2044 612 2104 redintegratis
635 2048 689 2089 ab
719 2049 983 2089 Hermanno
1011 2047 1223 2104 Opuscul.
1245 2049 1302 2099 V,
1337 2063 1380 2104 p.
1414 2053 1547 2091 191.:
1592 2047 1686 2088 οὐκ
1725 2050 1895 2099 εἴρηκε
1924 2048 2059 2088 τίνος
2090 2047 2315 2087 Μουσῶν
2352 2043 2377 2086 ὁ
2402 2044 2577 2098 Ῥῆσος
2604 2046 2684 2095 εἴη

295 2118 422 2156 παῖς.
509 2115 717 2156 Κλεισῦς
756 2114 926 2165 μέντοι
967 2113 1200 2168 λέγουσιν
1238 2113 1399 2156 αὐτὸν
1439 2115 1592 2163 εἶναι,
1639 2112 1866 2165 καθάπερ
1905 2104 2155 2165 Μαρσύας
2200 2111 2225 2155 ὁ
2273 2110 2575 2165 νεώτερος
2622 2110 2684 2153 έν

294 2187 424 2223 τοῖς
462 2183 919 2225 Μακεδονικοῖς
958 2179 1047 2242 (ἐν
1083 2196 1140 2229 τ.
1170 2195 1217 2230 γ,
1242 2216 1256 2229 .
1298 2184 1538 2235 οἰκοδομ.
1563 2195 1612 2229 γ
1639 2216 1653 2230 .
1672 2178 1818 2243 ”οοά.)
1853 2184 1965 2234 περὶ
1996 2184 2099 2224 τῶν
2126 2177 2432 2234 κάκομόρων
2463 2178 2685 2237 γράφων

295 2247 480 2291 οὕτως·
527 2250 620 2292 εἰσὶ
651 2248 701 2291 δὲ
733 2251 783 2291 οἳ
812 2252 896 2290 καὶ
927 2251 1039 2301 περὶ
1067 2246 1255 2291 τούτου
1286 2251 1425 2292 εἶπον
1453 2253 1633 2292 τοῦτο·
1677 2247 1837 2292 Κλειώ
1866 2248 1960 2302 τήν
1990 2248 2110 2292 θεὸν
2138 2247 2236 2291 ὑπὸ
2264 2250 2356 2291 τοῦ
2386 2244 2685 2302 Στρυμόνος

293 2317 347 2359 ἐκ
373 2321 466 2361 τοῦ
492 2321 653 2371 χοροῦ
683 2321 787 2360 τῶν
816 2319 1041 2360 Μουσῶν
1068 2322 1423 2371 νυμφευὲῆναι
1450 2320 1695 2361 τεκνῶσαί
1723 2333 1774 2360 τε
1796 2317 1885 2361 τὸν
1903 2317 2097 2371 ‘Pboou
2120 2319 2204 2358 καὶ
2223 2318 2324 2368 μετ’
2348 2316 2535 2372 ὀλίγον·
2554 2315 2685 2358 ἔστιν

296 2385 435 2439 ὶερὸν
461 2390 547 2440 τῆς
575 2388 782 2430 Κλειοῦς
810 2386 862 2428 ἐν
889 2383 1171 2442 Ἀμφιπόλει
1191 2384 1395 2437 ίδρυθὲν
1416 2387 1651 2430 ἀπέναντι
1673 2384 1959 2439 τοῦῬήσου
1978 2387 2225 2439 μνημείου
2250 2384 2326 2427 ἐπὶ
2346 2381 2517 2441 λόφου
2535 2379 2683 2427 τινός.

345 2467 379 2512 ⁶)
408 2468 576 2503 Editum
594 2464 782 2513 πρότερον
804 2462 935 2510 :inpane
952 2464 1208 2511 καλουμένην.
1238 2466 1274 2501 οἱ
1296 2464 1336 2502 δὲ
1351 2464 1473 2512 ’Ἄρεος
1489 2464 1614 2503 nolte:
1644 2478 1747 2514 quaa
1764 2478 1834 2514 per
1851 2476 1891 2501 se
1907 2465 2175 2513 suspicionem
2193 2470 2367 2500 movent.
2420 2465 2532 2500 Libri
2548 2470 2684 2499 autem

408 2525 502 2568 (nisi
523 2525 629 2572 quod
646 2537 739 2561 cum
750 2523 1033 2571 Rehdigerano
1049 2524 1202 2559 faciens
1215 2524 1467 2560 Burneianus
1477 2524 1610 2559 Musei
1621 2524 1861 2567 Britannici,
1892 2523 1991 2559 olim
2008 2522 2237 2566 Perusinus,
2266 2522 2365 2560 haec
2382 2522 2518 2558 omnia
2533 2520 2684 2563 omisit)

408 2581 507 2616 haec
526 2589 685 2618 tenent:
715 2577 903 2627 πρότερον
925 2574 1025 2626 ἄκρα
1047 2579 1279 2626 καλουμένη.
1308 2580 1344 2618 01
1368 2579 1407 2617 δὲ
1422 2578 1544 2627 ’Ἄρεος
1566 2577 1682 2618 πόλις.
1743 2581 1851 2617 Vnus
1876 2580 2080 2616 Galeanus
2105 2576 2351 2625 καλουμένην.Ι
2410 2578 2485 2616 Sed
2505 2577 2684 2614 multum

409 2638 605 2685 discrepat
623 2641 725 2674 alter
736 2638 1097 2685 Cantabrigiensis:
1127 2634 1313 2682 πρότερον
1328 2635 1425 2683 ἄκρα
1440 2636 1654 2682 καλουμένη
1664 2664 1674 2673 .
1689 2634 1713 2682 ὴ
1734 2634 1773 2672 δὲ
1783 2632 1905 2685 ’Ἄρεος
1920 2634 2131 2682 καλουμένη
2147 2633 2250 2672 πόλις
2265 2647 2359 2670 cum
2371 2637 2543 2671 lacunae
2559 2633 2682 2680 signi-

407 2695 609 2732 ficatione.
672 2697 848 2743 Apparet
868 2695 1165 2730 nominativum
1191 2707 1236 2730 ex
1260 2695 1540 2742 posterioribus
1567 2695 1609 2730 in
1629 2693 1761 2741 priora
1783 2693 2005 2741 irrepsisse,
2037 2692 2074 2729 οὶ
2097 2698 2233 2728 autem
2256 2698 2507 2728 correcturae
2530 2688 2679 2726 deberi.

408 2753 549 2787 Simile
567 2753 736 2788 lacunae
753 2752 964 2799 vestigium
985 2751 1028 2786 in
1049 2753 1219 2799 reliquis
1238 2752 1351 2788 libris
1370 2753 1600 2788 obscuratae
1618 2750 1723 2785 idem
1749 2750 1868 2786 codex
1887 2751 2007 2785 habet
2027 2762 2065 2785 ν.
2087 2748 2239 2795 ἄγυιᾶςε
2276 2747 2420 2795 βέλτιον
2437 2746 2477 2784 δὲ
2494 2745 2682 2792 περισπᾶν

410 2806 458 2843 ὡς
483 2807 560 2844 α’πὸ
578 2811 645 2845 τοῦ
662 2808 832 2854 ἄγυιέας·
863 2806 1019 2853 ἄγυιεὺς
1041 2808 1080 2844 δέ
1105 2808 1179 2844 ἐστι
1199 2811 1289 2845 κίων
1319 2810 1402 2855 (pr.
1421 2822 1474 2844 m.
1495 2805 1623 2851 κύων)
1655 2808 1708 2842 εἰς
1731 2806 1799 2851 ὀξυ
1827 2807 2014 2860 ἅπολίχων
2036 2803 2080 2842 ὃν
2104 2807 2264 2842 ἱστᾶσιν·
2296 2803 2342 2840 ὣς
2369 2803 2487 2849 σαφὲς
2509 2803 2683 2840 ποιοῦσιν

408 2862 663 2911 α’ριστοφάνης
679 2878 718 2902 τε
738 2864 779 2901 ἐν
797 2865 912 2911 σφηξὶ
930 2864 994 2900 καὶ
1012 2861 1164 2902 εὕπολις
1180 2863 1222 2902 ἐν
1236 2862 1311 2910 πρὸ
1326 2867 1397 2901 τῶν
1410 2866 1545 2911 θυρῶν
1564 2863 1682 2900 ἰδίους
1700 2862 1739 2900 δὲ
1757 2875 1790 2900 e.
1807 2876 1846 2911 q.
1867 2877 1895 2899 s.
1915 2863 2072 2899 Scribe:
2102 2860 2256 2908 ἅγυιεὺς
2277 2860 2316 2898 δέ
2342 2859 2418 2898 ἐστι
2433 2861 2525 2897 κίων
2545 2859 2598 2895 εἰς
2611 2855 2682 2902 ὀξὺ

407 2919 617 2968 ἀπολήγων,
640 2919 685 2960 ὃν
703 2923 823 2958 ἱστᾶσι
839 2920 913 2968 πρὸ
929 2922 1002 2957 τῶν
1016 2924 1163 2968 θυρῶν,
1182 2921 1230 2958 ὡς
1246 2920 1364 2966 σαφὲς
1378 2924 1554 2959 ποιοῦσιν
1564 2918 1822 2966 Ἀριστοφάνης
1837 2934 1876 2957 τε
1894 2919 1935 2956 ἐν
1945 2919 2060 2964 σφηξὶ
2075 2919 2139 2955 καὶ
2148 2916 2313 2956 Εὔπολις
2331 2916 2450 2954 evas.
2468 2917 2586 2954 ἰδίους
2594 2912 2634 2950 δὲ
2643 2932 2682 2949 -.

409 2980 598 3016 Ceterum
618 2981 665 3016 de
683 2980 857 3027 μαροῦσα
875 2986 914 3014 et
930 2979 1195 3025 μακεδονικαῖς
1214 2992 1293 3015 non
1315 2980 1541 3028 discrepant
1554 2979 1671 3015 Cant.
1689 2984 1728 3012 et
1741 2978 1854 3021 Gal.;
1886 2976 1951 3012 sed
1969 2977 2107 3024 paullo
2121 2983 2212 3012 ante
2229 2988 2308 3011 non
2319 2986 2458 3010 verum
2475 2980 2534 3009 est
2548 2973 2592 3008 in
2601 2972 2681 3006 An-

409 3037 592 3084 gelicano
611 3050 692 3073 esse
710 3039 869 3082 ληναίου
889 3036 1035 3081 φόρου,
1065 3038 1136 3083 qui
1154 3038 1273 3072 habet
1294 3039 1439 3073 λιναίου
1459 3033 1604 3082 φόρους
1635 3035 1838 3069 Parisinus
1863 3041 2019 3077 autem,
2050 3034 2097 3068 de
2124 3046 2201 3080 quo
2224 3039 2407 3076 tacetur,
2438 3042 2532 3066 cum
2550 3029 2681 3070 Cant„

411 3094 504 3130 Gal.
524 3101 635 3130 tenet
650 3095 813 3139 ληναίων
830 3090 965 3139 φόρου.
1028 3093 1139 3141 Quae
1158 3100 1204 3128 ut
1220 3100 1314 3128 sunt
1332 3105 1424 3129 sane
1445 3093 1567 3137 levia,
1600 3098 1736 3126 tamen
1756 3092 1924 3126 nimiam
1942 3090 2197 3138 diligentiam
2219 3101 2299 3124 non
2315 3094 2526 3123 testantur.
