2927 3449
1453 147 1493 207 5

420 345 495 390 De
519 343 701 389 Pellaeo
727 342 941 401 scriptore
966 347 1166 387 veterum
1194 342 1442 387 testimonia
1471 341 1579 387 haec
1603 347 1731 396 sunt,
1766 357 1820 386 eo
1846 341 2001 387 ordine
2014 371 2034 397 ,-
2064 348 2279 402 quatenus
2298 340 2343 385 id
2364 340 2466 386 licet
2487 350 2532 386 et
2550 357 2669 387 com—

283 412 462 459 modum
491 420 582 468 est,
625 410 860 470 disposita,
905 425 1036 470 quem
1066 410 1260 456 tenuisse
1289 412 1334 456 in
1361 411 1496 470 ipsius
1524 410 1821 456 Macedonicis
1847 411 2065 456 videntur.
2275 408 2352 472 (l)
2389 411 2668 456 Constantin.

284 483 570 541 Porphyrog.
589 480 646 525 de
670 480 875 524 thematis
892 480 1066 537 imperii
1091 480 1166 523 lib.
1186 480 1255 535 11,
1290 495 1334 539 p.
1361 486 1437 524 17.
1463 481 1574 525 Ven.
1602 477 1711 539 (22.
1732 478 1888 540 Par.):
1933 482 2127 536 λέγεται
2158 475 2210 521 δὲ
2237 480 2321 520 καὶ
2351 480 2667 523 Μακεδονίας

283 555 439 605 μοῖρα
467 548 734 596 Manavia„
778 545 844 591 ὣς
874 544 1118 598 Μαρσύας
1154 547 1215 589 ἐν
1251 544 1474 602 πρώτῳ
1512 549 1981 596 Μακεδονικῶν,
2037 550 2112 592 ubi
2140 548 2354 608 vulgatur
2380 545 2590 591 Μάκετα
2621 559 2667 594 et

284 617 697 660 Μακεδονιακῶν.
744 616 816 661 Cf.
846 616 1035 660 Clidem.
1069 615 1194 660 Atth.
1229 632 1274 674 p.
1297 618 1377 661 41.
1421 618 1617 675 Apparet
1641 618 1696 661 ab
1722 617 1857 675 ipsius
1884 624 2030 661 terrae
2056 617 2348 675 descriptione
2365 617 2591 675 Marsyam
2616 627 2666 662 ut

284 701 366 747 par
384 692 481 730 erat
498 684 767 744 profectum,
802 685 1060 743 praesertim
1089 699 1192 728 cum
1220 683 1433 728 eiusmodi
1463 686 1696 745 regionum
1727 685 1904 729 nomina
1932 701 1987 729 ex
2020 684 2203 729 deorum
2230 691 2275 729 et
2299 685 2482 730 heroum
2504 701 2666 730 eorun—

284 754 474 814 demque
501 768 661 812 regnm
686 753 1086 812 antiquissimorum
1113 753 1326 815 memoria
1351 753 1490 811 repeti
1518 754 1672 799 solitae
1695 760 1854 798 essent.
2069 754 2228 812 Itaque
2262 753 2417 798 eodem
2442 756 2666 813 pertinere

285 821 390 883 (ΙΙ)
423 822 570 866 Schol.
597 822 643 865 in
670 821 801 866 Iliad.
829 822 959 877 XIV,
999 827 1114 866 226.
1133 821 1349 866 evidetur:
1409 820 1660 864 Μακεδών
1697 820 1721 864 ὁ
1751 819 1870 864 Διὸς
1906 822 1991 863 καὶ
2025 822 2234 874 Αίθρίας
2271 820 2536 875 κατασχών
2572 822 2666 875 τήν

285 888 460 944 χώραν
489 886 648 933 οὖσαν
674 892 760 942 τῆς
791 886 987 944 Θρᾴκης
1014 889 1099 944 ἀφ’
1119 889 1314 945 ἑαυτοῦ
1345 891 1664 932 Μακεδονίαν
1695 887 2122 944 προσηγόρευσεν
2153 887 2314 945 γήμας
2340 887 2390 930 δὲ
2416 892 2537 942 μίαν
2562 894 2667 933 τῶν

285 958 546 1015 ἐγχωρίων
573 959 838 1001 τεκνοῦται
867 953 957 1000 δύο
990 950 1167 1000 παῖδας
1201 958 1386 1011 Πίερον
1421 955 1759 1009 καζἌμαθον,
1805 958 1895 1013 ἀφ’
1929 955 2001 1000 οὖν
2036 954 2127 1000 δύο
2169 955 2333 1000 πόλεις
2370 959 2544 1011 Πιερία
2580 962 2664 1001 καὶ

280 1028 483 1081 Ἀμαθία
515 1026 567 1068 ἐν
593 1025 911 1080 Μακεδονίᾳ.
952 1024 981 1079 ἡ
1012 1027 1208 1079 ἱστορία
1238 1024 1375 1080 παρὰ
1404 1024 1641 1082 Μαρσύᾳ.
1851 1027 1923 1070 Ex
1950 1027 2103 1085 primis
2127 1035 2274 1071 autem
2304 1027 2446 1070 tribus
2469 1029 2665 1085 regibus,

286 1111 395 1155 quos
420 1095 637 1139 conditori
666 1094 794 1153 regni
822 1093 1094 1139 Macedonici
1113 1093 1356 1140 Perdiccae
1378 1096 1637 1153 praemissos
1663 1111 1690 1139 a
1722 1095 1942 1139 veteribus
1970 1095 2315 1154 chronographis
2340 1096 2549 1153 ignorant
2567 1098 2664 1140 He‘

286 1163 469 1208 rodotus
486 1170 532 1208 et
548 1162 856 1222 Thucydides,
891 1162 1005 1207 alter
1030 1163 1114 1208 fuit
1132 1163 1330 1208 coenus:
1365 1163 1421 1207 de
1447 1179 1534 1222 quo
1562 1161 1692 1223 (111)
1721 1163 1979 1222 Etymolog.
1999 1163 2061 1206 M.
2089 1179 2131 1222 p.
2155 1168 2271 1217 523,
2298 1167 2379 1209 39.
2407 1170 2453 1208 et
2472 1164 2663 1209 Gudian.

288 1237 405 1286 332,
426 1234 529 1276 41.=
565 1228 811 1284 Μαρσύας
838 1233 1022 1283 ἱστορεῖ
1048 1228 1124 1273 ὅτι
1151 1232 1349 1274 Κνῶπις
1372 1228 1428 1273 τό
1457 1231 1598 1287 γένος
1615 1229 1804 1284 Κόλχος
1833 1232 1900 1273 είς
1926 1231 2246 1274 Μακεδονίαν
2270 1229 2433 1273 ἐλθών
2452 1232 2665 1286 διέτριβε

286 1297 424 1352 παρὰ
452 1298 690 1354 Καράνῳ·
727 1301 842 1342 υἱοῦ
878 1296 929 1341 δὲ
962 1299 1237 1354 γενομένου
1278 1302 1348 1354 τῷ
1379 1297 1596 1355 Καράνῳ
1634 1302 1769 1355 [καὶ]
1810 1299 2110 1354 βουληθέντι
2138 1298 2228 1341 τὸν
2256 1301 2411 1341 παῖδα
2443 1300 2541 1341 ἀπὸ
2571 1305 2663 1343 τοῦ

285 1369 420 1413 ἰδίου
451 1365 640 1421 πατρὸς
669 1364 936 1421 ὀνομάᾶειν
958 1363 1218 1420 Κιράρονα
1236 1365 1535 1426 (Καράρονα
1562 1368 1640 1412 Et.
1659 1368 1796 1422 Gud.‚
1832 1366 2069 1410 Λάκωνος
2091 1369 2167 1413 Et.
2189 1367 2365 1429 Havn.)
2389 1368 2661 1412 ἀνθίστατο

285 1435 316 1490 ἦ
345 1434 512 1491 μήτηρ
540 1438 625 1478 καὶ
649 1434 779 1490 αὕτη
807 1433 904 1478 ἀπὸ
933 1438 1024 1478 τοῦ
1054 1436 1185 1478 ίδίου
1211 1433 1400 1486 πατρὸς
1431 1436 1774 1489 ὀνομασθῆναι
1803 1434 1892 1478 τὸν
1922 1438 2071 1477 παῖδα
2104 1436 2405 1489 βουλομένη.
2467 1439 2662 1481 Κνώπις

285 1507 325 1547 δ’
359 1505 627 1558 ἐρωτηθεὶς
660 1505 762 1547 εἶπε
792 1503 1067 1557 μηδετέρου
1104 1502 1240 1563 (μηδ’
1281 1504 1455 1557 ἑτέρου
1492 1502 1654 1565 vulgo)
1694 1501 2017 1557 ὀνομάξεσθει
2053 1501 2230 1546 αὐτόν·
2274 1501 2444 1556 διόπερ
2486 1507 2664 1549 Κοῖνος

283 1570 487 1634 (Κοινός
514 1572 677 1635 vulgo)
721 1570 921 1626 ἐκλήθη.
947 1611 958 1618 .
1005 1573 1077 1618 Ad
1109 1574 1334 1617 Caranum
1370 1581 1593 1632 spectare,
1646 1589 1732 1617 non
1771 1573 1827 1617 ad
1867 1574 2005 1617 filium
2039 1570 2137 1615 α’πό
2181 1576 2272 1616 τοῦ
2311 1575 2444 1616 ἰδίου
2479 1574 2664 1626 πατρός

286 1644 419 1688 verba
447 1642 620 1701 priora,
662 1641 903 1687 eorundem
930 1641 1045 1686 infra
1075 1641 1130 1686 de
1156 1648 1298 1687 matre
1331 1642 1536 1701 repetitio
1561 1642 1728 1701 arguit.
1805 1641 2171 1686 Aristodamidam
2199 1649 2347 1686 autem
2381 1643 2436 1686 ab
2465 1633 2663 1688 Diodoro

285 1711 678 1770 Theopompoque,
710 1712 765 1755 ab
791 1710 888 1754 aliis
905 1711 1148 1755 Poeantem
1167 1711 1387 1769 perhiberi
1405 1711 1568 1755 Carani
1588 1717 1758 1769 patrem
1777 1710 2009 1769 Syncellus
2030 1717 2217 1754 testatur
2240 1726 2283 1769 p.
2297 1716 2412 1755 262.
2434 1726 2474 1754 c.
2494 1711 2660 1755 Paris.:

284 1787 337 1825 ut
367 1779 423 1825 de
449 1775 708 1832 Κιράρονα
729 1776 1106 1840 (Καράνοραὲ)
1141 1794 1297 1838 parum
1335 1779 1513 1839 liqueat.
1583 1780 1701 1824 Nam
1728 1779 1773 1822 in
1799 1775 2035 1822 Λάκωνος
2063 1786 2114 1823 ut
2141 1778 2299 1834 lateat,
2333 1779 2451 1837 quod
2478 1796 2565 1824 non
2595 1791 2663 1825 est

285 1849 379 1894 veri
402 1848 693 1903 simillimum,
730 1849 996 1889 Φείδωνοςε
1030 1848 1107 1906 qui
1127 1847 1271 1892 Phido
1291 1848 1374 1892 etsi
1392 1862 1480 1892 non
1506 1847 1614 1902 fuit,
1648 1847 1788 1892 videri
1807 1854 1929 1892 certe
1955 1855 2081 1906 pater
2107 1848 2348 1906 significari
2374 1848 2501 1893 facile
2519 1851 2662 1907 potuit

284 1917 366 1964 hac
383 1917 561 1977 quidem
581 1916 700 1976 apud
716 1916 971 1976 Syncellum
988 1917 1223 1961 verborum
1241 1917 1587 1961 conformatione
1606 1913 1835 1969 Κάρανος
1857 1916 2099 1959 Φείδωνος
2135 1915 2204 1975 (h.
2224 1933 2264 1960 e.
2287 1914 2530 1979 ἀδελφός)
2569 1921 2659 1960 τοῦ

279 1986 647 2039 Ἀριστοδαμίδα
687 1987 778 2029 τοῦ
818 1984 1051 2038 Μέροπος
1080 2001 1119 2029 e.
1146 2001 1191 2044 q.
1220 2001 1277 2030 s.:
1321 1985 1456 2031 nihilo
1482 1992 1630 2030 tamen
1659 1986 1802 2044 magis
1830 1985 2061 2044 quicquam
2090 2001 2190 2029 cum
2230 2001 2283 2029 eo
2317 1986 2493 2038 nomine
2515 1980 2663 2045 *potest

285 2055 492 2114 vulgatae
510 2055 555 2098 in
574 2054 895 2113 Etymologicis
913 2055 1156 2113 scripturae
1174 2069 1407 2099 commune
1423 2070 1531 2098 esse.
1635 2099 1638 2103 ,
1706 2055 1777 2098 De
1793 2053 2011 2098 undecimi
2032 2054 2150 2111 regis
2172 2054 2414 2098 Perdiccae
2434 2055 2498 2098 II.
2517 2063 2661 2099 aetate

287 2122 513 2182 disputans
538 2121 660 2183 (IV)
683 2116 934 2167 Athenaeus
954 2124 1012 2177 V,
1041 2138 1083 2181 Ρ.
1105 2128 1222 2168 217.
1249 2122 1293 2167 d.
1312 2139 1352 2167 e.
1390 2123 1668 2174 Περδίκκας
1696 2122 1869 2164 τοίνυν
1895 2122 1956 2166 ait
1983 2120 2078 2173 πρὸ
2109 2119 2659 2177 Ἀρχελαουβασιλεύει,

289 2189 355 2234 ὥς
381 2187 471 2245 μὲν
499 2189 525 2235 ὁ
557 2188 804 2235 Ἀκάνθιός
832 2197 954 2247 φησι
983 2187 1268 2244 Νικομήδης
1296 2193 1381 2244 ἔτη
1408 2188 1510 2243 μαἿ
1560 2186 1847 2244 Θεόπομπος
1876 2187 1926 2232 δὲ
1956 2188 2035 2239 λε’,
2062 2190 2371 2245 Ἀναξιμένης
2400 2188 2459 2243 μ’,
2493 2189 2662 2243 Ἱερώ-

286 2271 443 2312 νυμος
469 2257 556 2314 κή,
605 2256 848 2312 Μαρσύας
875 2255 926 2299 δὲ
952 2260 1037 2300 καὶ
1066 2256 1331 2311 Φιλόχορος
1362 2261 1517 2301 εἴκοσι
1541 2258 1673 2311 τρία.
1751 2260 1929 2303 Horum
1961 2259 2244 2304 numerorum
2272 2260 2464 2303 omnium
2492 2260 2660 2304 nullum

285 2327 343 2372 ad
369 2329 598 2373 veritatem
633 2329 813 2387 propius
843 2328 1054 2374 accedere
1079 2343 1211 2386 quam
1245 2344 1376 2386 quem
1409 2343 1509 2371 cum
1535 2328 1715 2386 Marsya
1747 2327 1864 2371 haud
1892 2328 2030 2371 multo
2059 2329 2201 2371 minor
2238 2336 2342 2372 natu
2371 2328 2661 2373 Philochorus

286 2394 353 2455 (p.
384 2396 490 2457 57.)
526 2397 695 2456 posuit,
736 2396 938 2440 videmur
962 2395 1337 2455 Agathonicorum
1373 2411 1468 2454 cap.
1491 2397 1543 2441 V.
1582 2395 1926 2451 demonstrasse,
1971 2404 2017 2441 et
2053 2396 2252 2441 videmur
2283 2397 2533 2440 etiamnunc
2563 2407 2659 2455 post

285 2479 338 2510 ea
362 2480 476 2525 quae
502 2466 547 2510 in
575 2466 660 2514 alia
686 2465 833 2510 omnia
860 2464 1133 2510 discedentes
1158 2464 1460 2510 disseruerunt
1489 2464 1724 2510 Clintonus
1750 2465 1873 2509 Fast.
1890 2464 2070 2510 Hellen.
2099 2481 2140 2523 p.
2163 2470 2276 2512 238.
2306 2465 2408 2519 Kr.,
2445 2466 2661 2510 Krebsius

286 2533 487 2579 Lection.
508 2535 692 2581 Diodor‘.
726 2550 768 2593 p.
795 2537 905 2581 159.
931 2549 1044 2593 sqq.‚
1078 2549 1135 2579 ex
1165 2540 1291 2593 parte
1312 2534 1443 2579 etiam
1461 2534 1711 2593 Boeckhius
1738 2534 1872 2592 Corp.
1902 2534 2042 2578 Inscr.
2065 2533 2132 2588 ΙΙ,
2160 2550 2205 2593 p.
2226 2536 2341 2579 341.
2412 2534 2543 2584 Quod
2574 2551 2659 2579 non

286 2609 352 2647 est
368 2602 496 2648 huius
515 2604 599 2649 loci
617 2604 795 2649 uberius
816 2603 1034 2663 persequi.
1225 2605 1371 2662 Atque
1388 2603 1466 2647 has
1484 2602 1685 2647 historias
1703 2603 1962 2663 pertinuisse
1989 2617 2068 2661 per
2087 2602 2196 2647 duos
2223 2603 2356 2646 libros
2380 2604 2545 2661 primos
2563 2604 2659 2648 Ma-

285 2670 523 2716 cedonicon
544 2680 590 2717 et
607 2680 775 2732 partem
796 2671 978 2715 fortasse
996 2671 1143 2727 tertii,
1176 2671 1403 2730 colligitur
1419 2686 1475 2715 ex
1501 2669 1595 2731 (V)
1620 2671 1779 2714 Athen.
1797 2671 1927 2725 XIV,
1963 2687 2006 2729 p.
2030 2676 2142 2716 629.
2163 2671 2208 2714 d.
2228 2668 2464 2713 τελεσιάς·
2495 2673 2660 2714 Maus·

287 2737 459 2793 δονική
496 2740 534 2781 δ’
564 2740 695 2782 ἐστὶν
729 2738 858 2791 αὕτη
897 2733 1118 2791 ὄρχησις,
1156 2736 1187 2795 ᾖ
1214 2736 1515 2792 χρησάμενοι
1552 2741 1599 2780 οὶ
1637 2741 1749 2791 περὶ
1774 2740 2085 2790 Πτολεμαῖον
2116 2740 2438 2791 Ἀλέξανδρον
2467 2738 2557 2782 τὸν
2588 2742 2660 2781 ‹1²1-

284 2805 469 2850 λίπιτου
503 2806 725 2865 ἀδελφὸν
758 2807 982 2856 ἀνεῖλον,
1032 2804 1098 2849 ὠς
1123 2808 1310 2861 ἱστορεῖ
1339 2803 1581 2860 Μαρσύας
1619 2806 1679 2848 ἐν
1716 2806 1898 2861 τρίτῳ
1937 2807 2404 2852 Μακεδονικῶν.
2486 2810 2570 2853 Vix
2594 2810 2661 2852 di·

284 2888 400 2933 gnus
419 2883 486 2920 est
505 2877 630 2921 cuius
658 2877 726 2921 vel
757 2891 884 2921 error
912 2882 1089 2920 notetur
1115 2876 1425 2921 Santaerucius
1451 2874 1507 2920 de
1527 2874 1733 2933 Philippo
1751 2874 1939 2919 Aridaeo
1960 2876 2181 2921 somnians
2201 2877 2363 2920 Exam.
2383 2877 2482 2921 crit.
2511 2893 2554 2936 p.
2580 2881 2658 2923 45.

284 2941 356 2986 ed.
375 2943 464 2986 IL:
508 2952 632 2989 tanta
657 2946 752 2989 eius
777 2945 823 2988 in
852 2945 934 2989 hac
959 2960 1109 2988 caussa
1136 2944 1289 2989 levitas
1316 2944 1412 2988 fuit.
1484 2944 1705 3002 Loquitur
1723 2944 1975 2987 Athenaeus
2001 2944 2057 2989 de
2075 2945 2328 2989 Alexandro
2346 2945 2413 2989 ΙΙ.
2443 2946 2660 3004 Amyntae

286 3010 376 3061 filio
387 3041 402 3065 ,
437 3010 632 3071 Philippi
658 3020 803 3058 autem
824 3012 1097 3058 celeberrimi
1116 3012 1280 3068 fratre,
1319 3028 1450 3072 quem
1475 3027 1500 3055 a
1518 3012 1775 3057 Ptolemaeo
1791 3012 1962 3057 Alorita
1980 3014 2291 3072 interemptum
2309 3014 2517 3058 archonte
2537 3015 2660 3058 Nau·

285 3079 437 3139 sigene
466 3079 509 3125 h.
529 3097 569 3125 e.
597 3082 670 3126 01.
697 3087 809 3138 103,
852 3088 893 3127 1.
930 3081 1153 3127 Diodorus
1181 3083 1287 3138 XV,
1334 3087 1414 3127 71.
1450 3080 1657 3140 prodidit.
1865 3082 2124 3127 Paucissimi
2150 3083 2267 3127 inter
2302 3082 2382 3126 hoc
2410 3090 2583 3141 tempus
2616 3091 2660 3127 et
