2927 3449
1431 150 1512 208 12

280 350 326 386 et
344 342 553 386 Aelianus
569 344 673 387 Var.
693 341 794 387 hist.
813 343 928 398 XII,
948 346 1028 389 64.
1063 344 1306 389 Adiicimus
1322 345 1428 398 hoc,
1464 351 1514 388 ut
1542 344 1664 389 facta
1682 344 2013 404 opportunitate
2039 344 2320 389 librariorum
2345 345 2505 389 mendo
2526 345 2663 390 Athe-

280 426 440 455 naeum
458 411 695 456 liberemus
712 411 768 455 de
786 411 942 456 eodem
960 420 1172 470 carpento
1192 413 1299 457 haec
1316 411 1577 472 prodentem
1596 413 1671 458 lib.
1685 415 1745 470 V,
1771 430 1815 472 p.
1836 418 1951 459 206.
1978 428 2019 457 e.
2035 412 2302 458 Moschionis
2332 413 2498 457 verbis:
2550 414 2669 455 Διο-.

281 480 477 531 κλείδης
503 476 595 532 μὲν
629 478 654 522 ὁ
681 480 966 534 Ἀβδηρίτης
993 477 1308 534 θαυμάζεται
1345 480 1421 523 ἐπὶ
1456 482 1517 537 τῇ
1548 478 1672 534 πρὸς
1700 479 1795 535 τὴν
1821 480 2035 523 Ῥοδίων
2068 477 2215 523 πόλιν
2244 478 2341 524 ὑπὸ
2369 482 2665 534 Δημητρίου

281 547 615 604 προσαχθείσῃ
645 551 746 590 τοῖς
770 549 980 602 τείχεσιν
1003 546 1240 597 ἑλεπόλει,
1293 550 1495 602 Τίμαιος
1529 550 1567 591 δ’
1599 549 1676 593 ἐπὶ
1703 551 1762 606 τῇ
1789 551 1927 606 πυρᾷ
1972 550 2034 604 τῇ
2060 549 2519 606 κατασκευασθείσῃ
2553 550 2666 591 Διο-

276 613 437 673 ’νυσίφ
466 618 537 672 τῷ
559 618 791 660 Σικελίας
813 614 1078 675 τυράννῳ,
1115 621 1199 661 καὶ
1230 617 1527 673 Ἱερώνυμος
1557 618 1634 662 ἐπὶ
1662 622 1721 676 τῇ
1750 619 2033 674 κατασκευῇ
2061 619 2148 672 τῆς
2168 614 2472 672 ἁρμαμάξης
2497 614 2527 675 ᾗ
2552 628 2665 661 συν-

279 685 446 741 έβαινε
495 688 927 741 κατακομισθῆναι
968 686 1026 731 τὸ
1054 685 1384 742 Ἀλεξάνδρου
1428 690 1594 742 σῶμα,
1662 686 1996 732 Πολύκλειτος
2043 685 2084 729 δ’
2122 686 2201 730 ἰπὶ
2243 688 2314 742 τῷ
2353 688 2542 742 λυχνίῳ
2591 688 2662 741 τῷ

280 754 735 800 κατασκευασθέντι
768 758 839 812 τῷ
882 756 1047 813 Πέρση
1085 773 1126 802 e.
1152 773 1196 817 q.
1231 774 1266 802 s.
1346 759 1412 802 Ac
1442 758 1680 817 scriptores
1702 756 1882 817 quidem
1907 756 1987 802 hos
2012 754 2122 812 dici,
2157 771 2246 801 non
2271 756 2464 800 artifices
2488 755 2666 800 illorum

271 839 491 883 operum,
527 825 645 871 inter
669 841 823 870 omnes
849 826 1069 871 convenit.
1139 827 1269 885 Ergo
1303 824 1621 880 θαυμάξιται
1653 827 2094 887 Schweighaeuserus
2128 826 2445 884 interpretatus
2482 832 2548 870 est
2585 824 2666 868 ad·-

278 896 483 945 me‘ratnr,
518 893 765 939 incredibili
791 894 1079 953 incogitantia
1104 895 1251 939 ascitis
1280 892 1628 946 θαυμάσονται
1655 896 1824 940 formae
1852 893 2081 952 exemplis,
2116 897 2248 939 Gust.
2275 899 2424 937 autem
2449 893 2666 937 Kiesslin·

277 961 380 1020 gius
407 962 581 1006 Comm.
612 961 669 1006 de
693 962 981 1007 Menaechmo
1007 963 1217 1022 Sicyonio
1250 970 1297 1008 et
1322 963 1604 1023 Hieronymo
1635 962 1858 1008 Cardiano
1894 961 2057 1023 (cizae
2080 960 2201 1006 edita
2228 977 2269 1006 a.
2303 958 2476 1020 1830.)
2512 975 2555 1019 p.
2583 966 2665 1006 21.

278 1030 493 1088 passivam
520 1031 607 1074 vim
636 1031 731 1074 eius
762 1031 886 1075 verbi
919 1038 1075 1075 tenens
1110 1032 1155 1075 in
1192 1047 1246 1076 eo
1276 1032 1520 1091 acquievit,
1564 1039 1615 1076 ut
1655 1031 1730 1074 ἐπὶ
1771 1034 1830 1087 τῇ
1866 1026 2084 1074 ἑλεπόλει
2111 1028 2220 1085 sere
2246 1032 2426 1087 poetica
2461 1029 2671 1086 loquendi

276 1100 451 1142 ratione
480 1098 671 1158 positum
698 1113 781 1158 pro
809 1098 886 1141 ἐπὶ
914 1100 973 1155 τῇ
1002 1101 1089 1154 τῆς
1115 1096 1385 1143 ἑλεπόλεως
1410 1098 1633 1156 διηγήσει
1659 1106 1850 1159 putaret.
1920 1099 2089 1144 Verum
2110 1099 2255 1144 necin
2275 1105 2405 1157 poeta
2422 1111 2665 1152 versamur,

279 1183 362 1211 nec
388 1167 694 1225 descriptionis
719 1168 866 1226 potius
891 1183 1025 1226 quam
1052 1184 1236 1227 operum
1272 1169 1568 1213 laudationem
1601 1169 1864 1227 expetimus.
1933 1167 2158 1225 Scriptum
2185 1167 2326 1226 igitur
2354 1167 2411 1210 ab
2438 1165 2665 1211 Athenaeo

277 1235 655 1288 θαυμαξέτω
689 1236 973 1282 arbitramur.
1053 1238 1233 1282 Etenim
1262 1238 1539 1282 admei-antor
1567 1236 1765 1282 Moschio
1795 1235 1940 1295 inquit
1968 1235 2057 1280 aliz·
2077 1236 2173 1287 alia
2207 1249 2345 1295 opera
2371 1236 2545 1293 insigni
2566 1238 2666 1280 arte

277 1305 514 1364 opibusque
542 1307 719 1349 eximiis
742 1308 973 1350 exstructa
982 1324 1001 1349 .·
1036 1319 1102 1350 me
1129 1305 1276 1351 iudice
1303 1308 1475 1351 cunctis
1499 1306 1686 1365 gloriam
1702 1304 2166 1364 praet-spitHiemm's
2191 1304 2372 1350 consilio
2399 1303 2666 1362 sumptibus-

277 1389 360 1432 que
387 1374 636 1432 aedeficata
661 1377 818 1427 navis,
852 1375 978 1418 cuius
1006 1374 1213 1434 deinceps
1239 1376 1554 1434 praestantiam
1580 1389 1661 1433 per
1688 1374 1866 1432 singula
1894 1374 2188 1432 persequitur.

415 1444 606 1487 Habetis
633 1442 982 1497 commilitones,
1026 1443 1147 1488 velut
1175 1444 1490 1503 promulsidem
1525 1458 1582 1487 ex
1617 1459 1707 1487 uno
1741 1443 1889 1502 aliquo
1924 1456 2093 1500 genere
2125 1441 2457 1501 depromptam,
2492 1457 2579 1499 qua
2606 1441 2663 1486 ad

276 1511 546 1571 largissimas
586 1512 631 1555 in
677 1512 831 1571 quovis
865 1527 1034 1571 genere
1067 1512 1245 1571 epulas,
1295 1529 1405 1572 quas
1443 1513 1530 1557 iam
1564 1511 1784 1573 appositas
1818 1509 2001 1566 videtis,
2049 1510 2310 1555 invitemini.
2396 1509 2566 1560 Quibus
2601 1510 2663 1555 ita

276 1580 479 1636 utimini,
522 1587 573 1624 ut
599 1588 645 1626 et
668 1580 726 1626 ad
758 1596 831 1625 vos
856 1581 1140 1641 pulcherrimi
1167 1582 1338 1626 fructus
1364 1580 1640 1636 redundent,
1682 1587 1729 1625 et
1758 1595 1837 1624 nos
1873 1579 2096 1637 impensae
2126 1580 2246 1625 vobis
2278 1594 2439 1639 operae
2470 1594 2525 1624 ne
2557 1593 2662 1637 poe-

277 1650 430 1694 niteat.
502 1649 673 1695 Valete.
784 1650 1008 1709 Scriptum
1033 1650 1324 1696 Vratislaviae
1352 1667 1412 1696 m.
1445 1651 1582 1696 Febr.
1607 1665 1651 1694 a.
1676 1648 2118 1695 MDCCCXXXVI.
